timestamp,buyer,seller,symbol,currency,price,quantity
0,Vinnie,Ruby,AMETHYSTS,SEASHELLS,9996.0,1
0,Remy,Valentina,STARFRUIT,SEASHELLS,5003.0,1
0,Remy,Ruby,AMETHYSTS,SEASHELLS,9996.0,1
1,Ruby,Valentina,STARFRUIT,SEASHELLS,5004.0,6
9,Rhianna,Valentina,STARFRUIT,SEASHELLS,5001.0,2
10,Vinnie,Ruby,STARFRUIT,SEASHELLS,4997.0,2
11,Valentina,Remy,STARFRUIT,SEASHELLS,4997.0,1
15,Remy,Valentina,STARFRUIT,SEASHELLS,5003.0,1
15,Remy,Vinnie,AMETHYSTS,SEASHELLS,10004.0,1
18,Ruby,Valentina,STARFRUIT,SEASHELLS,5001.0,10
18,Ruby,Vladimir,STARFRUIT,SEASHELLS,5001.0,1
18,Remy,Vladimir,STARFRUIT,SEASHELLS,5002.0,1
20,Remy,Vladimir,STARFRUIT,SEASHELLS,5002.0,1
21,Rhianna,Valentina,STARFRUIT,SEASHELLS,5001.0,4
25,Valentina,Remy,AMETHYSTS,SEASHELLS,9998.0,1
25,Valentina,Ruby,STARFRUIT,SEASHELLS,4996.0,11
32,Vinnie,Remy,AMETHYSTS,SEASHELLS,9996.0,1
32,Valentina,Remy,STARFRUIT,SEASHELLS,4996.0,1
33,Vladimir,Remy,STARFRUIT,SEASHELLS,4997.0,2
33,Valentina,Remy,AMETHYSTS,SEASHELLS,9995.0,2
36,Ruby,Valentina,AMETHYSTS,SEASHELLS,10005.0,6
39,Remy,Vladimir,STARFRUIT,SEASHELLS,5002.0,1
40,Vladimir,Rhianna,AMETHYSTS,SEASHELLS,9998.0,1
42,Ruby,Vinnie,AMETHYSTS,SEASHELLS,10004.0,2
42,Ruby,Valentina,AMETHYSTS,SEASHELLS,10004.0,1
42,Vinnie,Remy,STARFRUIT,SEASHELLS,4998.0,1
44,Ruby,Vladimir,STARFRUIT,SEASHELLS,5002.0,2
45,Valentina,Ruby,STARFRUIT,SEASHELLS,4997.0,8
45,Vinnie,Ruby,STARFRUIT,SEASHELLS,4997.0,1
58,Valentina,Ruby,STARFRUIT,SEASHELLS,4999.0,7
65,Vinnie,Rhianna,STARFRUIT,SEASHELLS,5000.0,5
66,Valentina,Remy,STARFRUIT,SEASHELLS,4999.0,1
67,Vladimir,Remy,AMETHYSTS,SEASHELLS,9998.0,2
67,Valentina,Remy,STARFRUIT,SEASHELLS,4998.0,2
67,Valentina,Rhianna,STARFRUIT,SEASHELLS,4999.0,4
71,Valentina,Rhianna,STARFRUIT,SEASHELLS,4999.0,5
72,Ruby,Valentina,STARFRUIT,SEASHELLS,5005.0,4
73,Vinnie,Remy,STARFRUIT,SEASHELLS,4998.0,1
74,Remy,Valentina,STARFRUIT,SEASHELLS,5005.0,1
74,Remy,Vladimir,AMETHYSTS,SEASHELLS,10002.0,1
74,Remy,Valentina,STARFRUIT,SEASHELLS,5003.0,1
75,Remy,Valentina,AMETHYSTS,SEASHELLS,10002.0,1
78,Rhianna,Valentina,STARFRUIT,SEASHELLS,5002.0,1
78,Rhianna,Vladimir,STARFRUIT,SEASHELLS,5002.0,1
86,Remy,Valentina,STARFRUIT,SEASHELLS,5004.0,1
86,Remy,Vladimir,AMETHYSTS,SEASHELLS,10002.0,1
87,Adam,Valentina,STARFRUIT,SEASHELLS,5002.0,9
87,Remy,Valentina,STARFRUIT,SEASHELLS,5004.0,2
87,Remy,Vladimir,AMETHYSTS,SEASHELLS,10002.0,2
88,Remy,Valentina,STARFRUIT,SEASHELLS,5003.0,1
88,Remy,Valentina,AMETHYSTS,SEASHELLS,10002.0,1
96,Vinnie,Ruby,AMETHYSTS,SEASHELLS,10000.0,3
101,Vinnie,Remy,AMETHYSTS,SEASHELLS,9998.0,1
102,Vinnie,Remy,STARFRUIT,SEASHELLS,4996.0,1
102,Vinnie,Remy,AMETHYSTS,SEASHELLS,9996.0,1
111,Remy,Valentina,AMETHYSTS,SEASHELLS,10005.0,2
111,Amelia,Valentina,STARFRUIT,SEASHELLS,5005.0,12
111,Remy,Valentina,STARFRUIT,SEASHELLS,5005.0,2
113,Valentina,Remy,STARFRUIT,SEASHELLS,4998.0,1
114,Valentina,Remy,STARFRUIT,SEASHELLS,4997.0,1
120,Valentina,Rhianna,STARFRUIT,SEASHELLS,4999.0,2
120,Vladimir,Rhianna,STARFRUIT,SEASHELLS,4999.0,2
130,Rhianna,Valentina,STARFRUIT,SEASHELLS,5001.0,2
130,Valentina,Remy,AMETHYSTS,SEASHELLS,9998.0,1
135,Valentina,Remy,STARFRUIT,SEASHELLS,4998.0,1
136,Vinnie,Remy,AMETHYSTS,SEASHELLS,9998.0,1
139,Valentina,Remy,STARFRUIT,SEASHELLS,4998.0,2
139,Vinnie,Remy,AMETHYSTS,SEASHELLS,9996.0,1
139,Valentina,Remy,AMETHYSTS,SEASHELLS,9996.0,1
140,Ruby,Valentina,AMETHYSTS,SEASHELLS,10005.0,7
143,Valentina,Remy,STARFRUIT,SEASHELLS,4998.0,1
150,Vladimir,Remy,STARFRUIT,SEASHELLS,4998.0,1
151,Ruby,Valentina,AMETHYSTS,SEASHELLS,10005.0,4
154,Rhianna,Vladimir,AMETHYSTS,SEASHELLS,10002.0,5
164,Valentina,Vinnie,STARFRUIT,SEASHELLS,4998.0,6
170,Ruby,Valentina,STARFRUIT,SEASHELLS,5003.0,9
172,Valentina,Remy,STARFRUIT,SEASHELLS,4996.0,1
173,Remy,Vladimir,AMETHYSTS,SEASHELLS,10002.0,1
174,Amelia,Valentina,STARFRUIT,SEASHELLS,5003.0,10
180,Ruby,Valentina,STARFRUIT,SEASHELLS,5002.0,4
181,Valentina,Remy,STARFRUIT,SEASHELLS,4996.0,1
182,Vladimir,Remy,AMETHYSTS,SEASHELLS,9998.0,1
182,Vladimir,Ruby,STARFRUIT,SEASHELLS,4996.0,8
183,Remy,Valentina,AMETHYSTS,SEASHELLS,10005.0,2
183,Vladimir,Remy,AMETHYSTS,SEASHELLS,9998.0,1
183,Remy,Vladimir,STARFRUIT,SEASHELLS,5000.0,2
185,Ruby,Valentina,AMETHYSTS,SEASHELLS,10005.0,5
186,Valentina,Remy,STARFRUIT,SEASHELLS,4996.0,1
192,Valentina,Remy,STARFRUIT,SEASHELLS,4996.0,1
194,Vinnie,Remy,STARFRUIT,SEASHELLS,4996.0,1
195,Remy,Valentina,AMETHYSTS,SEASHELLS,10002.0,1
196,Rhianna,Valentina,AMETHYSTS,SEASHELLS,10002.0,1
199,Remy,Valentina,AMETHYSTS,SEASHELLS,10002.0,1
202,Rhianna,Valentina,AMETHYSTS,SEASHELLS,10002.0,1
203,Remy,Valentina,STARFRUIT,SEASHELLS,5002.0,1
206,Valentina,Remy,AMETHYSTS,SEASHELLS,9998.0,1
206,Valentina,Amelia,AMETHYSTS,SEASHELLS,9995.0,9
209,Remy,Valentina,STARFRUIT,SEASHELLS,5002.0,1
209,Remy,Remy,AMETHYSTS,SEASHELLS,9998.0,1
213,Remy,Vladimir,AMETHYSTS,SEASHELLS,10002.0,1
213,Remy,Valentina,STARFRUIT,SEASHELLS,5002.0,1
214,Remy,Vladimir,STARFRUIT,SEASHELLS,5001.0,1
218,Remy,Vladimir,STARFRUIT,SEASHELLS,5001.0,1
223,Valentina,Remy,STARFRUIT,SEASHELLS,4997.0,1
227,Amelia,Rhianna,AMETHYSTS,SEASHELLS,9998.0,1
229,Valentina,Rhianna,STARFRUIT,SEASHELLS,4998.0,2
230,Adam,Rhianna,AMETHYSTS,SEASHELLS,9998.0,4
231,Remy,Vladimir,STARFRUIT,SEASHELLS,5001.0,1
233,Vinnie,Rhianna,AMETHYSTS,SEASHELLS,9998.0,2
239,Valentina,Rhianna,AMETHYSTS,SEASHELLS,9998.0,3
239,Valentina,Ruby,AMETHYSTS,SEASHELLS,9995.0,8
240,Rhianna,Vladimir,STARFRUIT,SEASHELLS,5001.0,3
242,Valentina,Ruby,STARFRUIT,SEASHELLS,4996.0,5
243,Remy,Ruby,AMETHYSTS,SEASHELLS,10002.0,1
245,Remy,Valentina,STARFRUIT,SEASHELLS,5002.0,1
246,Valentina,Ruby,AMETHYSTS,SEASHELLS,9996.0,2
246,Vinnie,Ruby,AMETHYSTS,SEASHELLS,9996.0,2
247,Ruby,Vladimir,STARFRUIT,SEASHELLS,5001.0,6
251,Remy,Valentina,STARFRUIT,SEASHELLS,5001.0,1
251,Remy,Valentina,AMETHYSTS,SEASHELLS,10002.0,1
254,Valentina,Ruby,STARFRUIT,SEASHELLS,4995.0,7
256,Remy,Vladimir,STARFRUIT,SEASHELLS,4999.0,2
256,Remy,Vinnie,AMETHYSTS,SEASHELLS,10004.0,2
257,Adam,Valentina,AMETHYSTS,SEASHELLS,10002.0,3
257,Adam,Vladimir,AMETHYSTS,SEASHELLS,10002.0,8
263,Valentina,Remy,STARFRUIT,SEASHELLS,4994.0,1
264,Valentina,Remy,STARFRUIT,SEASHELLS,4994.0,1
264,Amelia,Valentina,AMETHYSTS,SEASHELLS,10005.0,9
267,Remy,Vladimir,STARFRUIT,SEASHELLS,4998.0,1
270,Remy,Valentina,AMETHYSTS,SEASHELLS,10002.0,1
270,Valentina,Rhianna,STARFRUIT,SEASHELLS,4993.0,4
272,Valentina,Remy,STARFRUIT,SEASHELLS,4991.0,1
273,Ruby,Valentina,STARFRUIT,SEASHELLS,4998.0,11
277,Vinnie,Rhianna,AMETHYSTS,SEASHELLS,9998.0,3
277,Valentina,Rhianna,AMETHYSTS,SEASHELLS,9998.0,1
279,Rhianna,Valentina,AMETHYSTS,SEASHELLS,10002.0,4
280,Remy,Valentina,STARFRUIT,SEASHELLS,4999.0,1
280,Remy,Valentina,AMETHYSTS,SEASHELLS,10005.0,1
283,Remy,Vladimir,STARFRUIT,SEASHELLS,4997.0,1
283,Valentina,Rhianna,AMETHYSTS,SEASHELLS,9998.0,2
283,Remy,Rhianna,AMETHYSTS,SEASHELLS,9998.0,1
286,Valentina,Remy,AMETHYSTS,SEASHELLS,9998.0,1
294,Remy,Valentina,AMETHYSTS,SEASHELLS,10005.0,2
294,Remy,Valentina,STARFRUIT,SEASHELLS,4998.0,2
295,Vladimir,Rhianna,AMETHYSTS,SEASHELLS,9998.0,3
295,Valentina,Rhianna,AMETHYSTS,SEASHELLS,9998.0,2
299,Remy,Vladimir,STARFRUIT,SEASHELLS,4995.0,1
303,Remy,Valentina,STARFRUIT,SEASHELLS,4996.0,1
304,Valentina,Remy,STARFRUIT,SEASHELLS,4991.0,1
304,Ruby,Vinnie,AMETHYSTS,SEASHELLS,10004.0,1
304,Ruby,Valentina,AMETHYSTS,SEASHELLS,10004.0,6
309,Valentina,Remy,STARFRUIT,SEASHELLS,4992.0,1
310,Vinnie,Remy,AMETHYSTS,SEASHELLS,9996.0,1
310,Valentina,Remy,STARFRUIT,SEASHELLS,4992.0,1
312,Valentina,Remy,STARFRUIT,SEASHELLS,4992.0,1
313,Remy,Valentina,STARFRUIT,SEASHELLS,4997.0,1
313,Valentina,Remy,AMETHYSTS,SEASHELLS,9998.0,1
314,Ruby,Valentina,STARFRUIT,SEASHELLS,4999.0,4
316,Rhianna,Valentina,AMETHYSTS,SEASHELLS,10002.0,3
318,Remy,Valentina,AMETHYSTS,SEASHELLS,10002.0,1
321,Valentina,Remy,STARFRUIT,SEASHELLS,4991.0,1
321,Rhianna,Vladimir,AMETHYSTS,SEASHELLS,10002.0,4
325,Remy,Valentina,AMETHYSTS,SEASHELLS,10002.0,1
327,Remy,Valentina,STARFRUIT,SEASHELLS,4996.0,1
328,Valentina,Remy,STARFRUIT,SEASHELLS,4990.0,2
328,Vinnie,Amelia,STARFRUIT,SEASHELLS,4991.0,2
328,Valentina,Remy,AMETHYSTS,SEASHELLS,9995.0,2
328,Vinnie,Ruby,AMETHYSTS,SEASHELLS,9996.0,2
332,Vladimir,Remy,STARFRUIT,SEASHELLS,4990.0,1
333,Remy,Adam,STARFRUIT,SEASHELLS,4995.0,1
333,Valentina,Adam,STARFRUIT,SEASHELLS,4991.0,8
335,Rhianna,Vladimir,AMETHYSTS,SEASHELLS,10002.0,3
339,Remy,Valentina,STARFRUIT,SEASHELLS,4995.0,1
340,Remy,Remy,STARFRUIT,SEASHELLS,4995.0,1
340,Vladimir,Remy,AMETHYSTS,SEASHELLS,9998.0,1
341,Rhianna,Valentina,AMETHYSTS,SEASHELLS,10002.0,1
350,Valentina,Rhianna,STARFRUIT,SEASHELLS,4993.0,4
353,Vladimir,Remy,STARFRUIT,SEASHELLS,4993.0,1
356,Remy,Valentina,AMETHYSTS,SEASHELLS,10002.0,1
358,Vladimir,Remy,STARFRUIT,SEASHELLS,4993.0,1
362,Valentina,Rhianna,STARFRUIT,SEASHELLS,4994.0,3
363,Remy,Valentina,STARFRUIT,SEASHELLS,4999.0,1
363,Remy,Valentina,AMETHYSTS,SEASHELLS,10005.0,1
365,Ruby,Valentina,AMETHYSTS,SEASHELLS,10005.0,4
368,Vinnie,Remy,STARFRUIT,SEASHELLS,4993.0,1
372,Amelia,Valentina,STARFRUIT,SEASHELLS,4998.0,10
374,Remy,Valentina,AMETHYSTS,SEASHELLS,10002.0,1
379,Valentina,Ruby,AMETHYSTS,SEASHELLS,9995.0,4
380,Valentina,Amelia,STARFRUIT,SEASHELLS,4991.0,11
384,Ruby,Vinnie,AMETHYSTS,SEASHELLS,10004.0,2
385,Adam,Valentina,AMETHYSTS,SEASHELLS,10002.0,6
385,Remy,Vladimir,STARFRUIT,SEASHELLS,4996.0,1
388,Vinnie,Rhianna,STARFRUIT,SEASHELLS,4993.0,5
389,Valentina,Remy,STARFRUIT,SEASHELLS,4991.0,2
389,Valentina,Remy,AMETHYSTS,SEASHELLS,9995.0,2
391,Ruby,Vladimir,AMETHYSTS,SEASHELLS,10002.0,5
393,Vinnie,Remy,STARFRUIT,SEASHELLS,4993.0,1
393,Vinnie,Remy,AMETHYSTS,SEASHELLS,9996.0,1
394,Vladimir,Remy,STARFRUIT,SEASHELLS,4993.0,1
395,Remy,Valentina,STARFRUIT,SEASHELLS,4998.0,1
398,Valentina,Rhianna,STARFRUIT,SEASHELLS,4993.0,4
401,Vinnie,Amelia,STARFRUIT,SEASHELLS,4992.0,1
402,Rhianna,Valentina,STARFRUIT,SEASHELLS,4997.0,5
403,Valentina,Rhianna,STARFRUIT,SEASHELLS,4994.0,2
406,Vladimir,Remy,STARFRUIT,SEASHELLS,4992.0,1
407,Rhianna,Valentina,STARFRUIT,SEASHELLS,4996.0,3
409,Valentina,Rhianna,STARFRUIT,SEASHELLS,4992.0,3
411,Adam,Remy,STARFRUIT,SEASHELLS,4991.0,1
411,Adam,Valentina,STARFRUIT,SEASHELLS,4995.0,9
415,Remy,Vinnie,AMETHYSTS,SEASHELLS,10002.0,1
415,Ruby,Vinnie,AMETHYSTS,SEASHELLS,10000.0,2
416,Valentina,Remy,AMETHYSTS,SEASHELLS,9995.0,1
416,Valentina,Remy,STARFRUIT,SEASHELLS,4990.0,1
429,Remy,Vladimir,AMETHYSTS,SEASHELLS,10002.0,1
429,Remy,Vladimir,STARFRUIT,SEASHELLS,4993.0,1
431,Remy,Vladimir,STARFRUIT,SEASHELLS,4994.0,2
431,Valentina,Amelia,STARFRUIT,SEASHELLS,4989.0,14
431,Remy,Valentina,AMETHYSTS,SEASHELLS,10005.0,2
434,Remy,Valentina,AMETHYSTS,SEASHELLS,10002.0,1
435,Valentina,Remy,STARFRUIT,SEASHELLS,4990.0,1
437,Vladimir,Remy,AMETHYSTS,SEASHELLS,9998.0,1
439,Valentina,Remy,STARFRUIT,SEASHELLS,4990.0,1
439,Remy,Valentina,STARFRUIT,SEASHELLS,4997.0,2
439,Remy,Vinnie,AMETHYSTS,SEASHELLS,10004.0,2
440,Valentina,Remy,AMETHYSTS,SEASHELLS,9998.0,1
447,Remy,Valentina,STARFRUIT,SEASHELLS,4995.0,1
448,Vinnie,Amelia,AMETHYSTS,SEASHELLS,9996.0,1
451,Valentina,Remy,STARFRUIT,SEASHELLS,4988.0,1
451,Vinnie,Remy,AMETHYSTS,SEASHELLS,9996.0,1
458,Vinnie,Amelia,AMETHYSTS,SEASHELLS,9996.0,1
458,Valentina,Amelia,AMETHYSTS,SEASHELLS,9996.0,10
462,Vinnie,Remy,AMETHYSTS,SEASHELLS,9998.0,1
463,Valentina,Remy,AMETHYSTS,SEASHELLS,9995.0,1
463,Vladimir,Remy,STARFRUIT,SEASHELLS,4987.0,1
468,Vinnie,Remy,AMETHYSTS,SEASHELLS,9996.0,1
468,Vinnie,Remy,STARFRUIT,SEASHELLS,4987.0,1
468,Valentina,Remy,STARFRUIT,SEASHELLS,4986.0,2
472,Remy,Valentina,STARFRUIT,SEASHELLS,4992.0,1
473,Vinnie,Ruby,STARFRUIT,SEASHELLS,4988.0,2
477,Vinnie,Remy,STARFRUIT,SEASHELLS,4988.0,1
483,Valentina,Remy,STARFRUIT,SEASHELLS,4988.0,1
483,Valentina,Remy,AMETHYSTS,SEASHELLS,9995.0,1
486,Remy,Vinnie,AMETHYSTS,SEASHELLS,10004.0,1
486,Valentina,Remy,STARFRUIT,SEASHELLS,4989.0,1
486,Remy,Vladimir,STARFRUIT,SEASHELLS,4994.0,1
489,Valentina,Remy,STARFRUIT,SEASHELLS,4988.0,1
493,Remy,Valentina,STARFRUIT,SEASHELLS,4994.0,1
493,Remy,Valentina,AMETHYSTS,SEASHELLS,10005.0,1
497,Vladimir,Remy,STARFRUIT,SEASHELLS,4988.0,2
497,Valentina,Remy,AMETHYSTS,SEASHELLS,9995.0,2
499,Valentina,Remy,STARFRUIT,SEASHELLS,4986.0,1
500,Vladimir,Ruby,STARFRUIT,SEASHELLS,4986.0,5
502,Vinnie,Remy,STARFRUIT,SEASHELLS,4986.0,1
502,Vinnie,Remy,AMETHYSTS,SEASHELLS,9996.0,1
503,Vinnie,Remy,STARFRUIT,SEASHELLS,4986.0,1
504,Vinnie,Remy,AMETHYSTS,SEASHELLS,9996.0,2
504,Vladimir,Remy,STARFRUIT,SEASHELLS,4986.0,2
509,Vinnie,Ruby,AMETHYSTS,SEASHELLS,9996.0,2
510,Valentina,Remy,AMETHYSTS,SEASHELLS,9998.0,1
510,Vladimir,Remy,STARFRUIT,SEASHELLS,4986.0,1
513,Remy,Valentina,STARFRUIT,SEASHELLS,4990.0,1
516,Remy,Vladimir,AMETHYSTS,SEASHELLS,10002.0,1
516,Remy,Vladimir,STARFRUIT,SEASHELLS,4990.0,1
519,Adam,Vladimir,AMETHYSTS,SEASHELLS,10002.0,2
520,Valentina,Rhianna,AMETHYSTS,SEASHELLS,9998.0,2
522,Valentina,Remy,STARFRUIT,SEASHELLS,4985.0,1
523,Vinnie,Remy,STARFRUIT,SEASHELLS,4985.0,1
527,Rhianna,Valentina,AMETHYSTS,SEASHELLS,10002.0,3
530,Vladimir,Remy,AMETHYSTS,SEASHELLS,9998.0,1
532,Remy,Valentina,AMETHYSTS,SEASHELLS,10002.0,1
533,Valentina,Rhianna,AMETHYSTS,SEASHELLS,9998.0,2
536,Vladimir,Remy,AMETHYSTS,SEASHELLS,9998.0,1
536,Valentina,Remy,STARFRUIT,SEASHELLS,4985.0,1
537,Remy,Valentina,STARFRUIT,SEASHELLS,4992.0,2
537,Remy,Vinnie,AMETHYSTS,SEASHELLS,10004.0,2
539,Remy,Vladimir,AMETHYSTS,SEASHELLS,10002.0,1
543,Valentina,Ruby,STARFRUIT,SEASHELLS,4986.0,11
543,Valentina,Remy,AMETHYSTS,SEASHELLS,9998.0,1
546,Vinnie,Ruby,AMETHYSTS,SEASHELLS,9996.0,1
546,Valentina,Ruby,AMETHYSTS,SEASHELLS,9996.0,5
546,Valentina,Remy,STARFRUIT,SEASHELLS,4986.0,1
547,Remy,Valentina,STARFRUIT,SEASHELLS,4990.0,1
549,Rhianna,Vladimir,AMETHYSTS,SEASHELLS,10002.0,3
552,Remy,Vladimir,STARFRUIT,SEASHELLS,4989.0,1
561,Amelia,Valentina,STARFRUIT,SEASHELLS,4990.0,14
561,Remy,Valentina,STARFRUIT,SEASHELLS,4990.0,1
561,Remy,Vinnie,AMETHYSTS,SEASHELLS,10004.0,1
563,Vinnie,Remy,STARFRUIT,SEASHELLS,4983.0,1
565,Vladimir,Remy,STARFRUIT,SEASHELLS,4982.0,1
565,Vladimir,Remy,AMETHYSTS,SEASHELLS,9998.0,1
567,Remy,Valentina,AMETHYSTS,SEASHELLS,10002.0,1
570,Remy,Vinnie,AMETHYSTS,SEASHELLS,10004.0,1
570,Remy,Vinnie,STARFRUIT,SEASHELLS,4989.0,1
571,Remy,Valentina,AMETHYSTS,SEASHELLS,10002.0,1
571,Valentina,Rhianna,STARFRUIT,SEASHELLS,4985.0,3
572,Valentina,Rhianna,STARFRUIT,SEASHELLS,4985.0,4
572,Remy,Valentina,AMETHYSTS,SEASHELLS,10002.0,1
573,Remy,Valentina,AMETHYSTS,SEASHELLS,10002.0,1
574,Remy,Valentina,STARFRUIT,SEASHELLS,4990.0,1
577,Rhianna,Remy,AMETHYSTS,SEASHELLS,10002.0,2
577,Valentina,Remy,STARFRUIT,SEASHELLS,4985.0,2
578,Valentina,Remy,STARFRUIT,SEASHELLS,4984.0,1
583,Remy,Vladimir,STARFRUIT,SEASHELLS,4988.0,1
584,Vinnie,Ruby,AMETHYSTS,SEASHELLS,9996.0,1
586,Valentina,Remy,AMETHYSTS,SEASHELLS,9998.0,1
588,Valentina,Ruby,STARFRUIT,SEASHELLS,4982.0,5
588,Vinnie,Remy,STARFRUIT,SEASHELLS,4983.0,1
590,Ruby,Valentina,STARFRUIT,SEASHELLS,4991.0,10
595,Ruby,Valentina,AMETHYSTS,SEASHELLS,10005.0,4
597,Adam,Vladimir,AMETHYSTS,SEASHELLS,10002.0,6
598,Valentina,Vinnie,STARFRUIT,SEASHELLS,4985.0,5
599,Valentina,Remy,STARFRUIT,SEASHELLS,4983.0,1
600,Remy,Valentina,STARFRUIT,SEASHELLS,4987.0,1
602,Vinnie,Remy,AMETHYSTS,SEASHELLS,9996.0,1
602,Valentina,Remy,AMETHYSTS,SEASHELLS,9996.0,1
602,Valentina,Remy,STARFRUIT,SEASHELLS,4983.0,1
602,Vinnie,Remy,STARFRUIT,SEASHELLS,4983.0,1
603,Valentina,Amelia,AMETHYSTS,SEASHELLS,9996.0,6
603,Vinnie,Amelia,AMETHYSTS,SEASHELLS,9996.0,2
604,Remy,Rhianna,AMETHYSTS,SEASHELLS,9998.0,1
605,Valentina,Rhianna,STARFRUIT,SEASHELLS,4985.0,3
605,Valentina,Remy,AMETHYSTS,SEASHELLS,9998.0,1
606,Valentina,Remy,STARFRUIT,SEASHELLS,4984.0,1
611,Remy,Valentina,STARFRUIT,SEASHELLS,4990.0,2
611,Remy,Valentina,AMETHYSTS,SEASHELLS,10002.0,1
611,Rhianna,Valentina,STARFRUIT,SEASHELLS,4987.0,5
611,Remy,Valentina,AMETHYSTS,SEASHELLS,10005.0,2
613,Remy,Vladimir,STARFRUIT,SEASHELLS,4987.0,1
623,Remy,Vinnie,AMETHYSTS,SEASHELLS,10004.0,1
623,Remy,Vladimir,STARFRUIT,SEASHELLS,4987.0,1
626,Valentina,Remy,STARFRUIT,SEASHELLS,4984.0,1
629,Ruby,Vladimir,STARFRUIT,SEASHELLS,4989.0,6
629,Ruby,Valentina,STARFRUIT,SEASHELLS,4989.0,1
630,Valentina,Vinnie,STARFRUIT,SEASHELLS,4986.0,6
630,Vinnie,Adam,STARFRUIT,SEASHELLS,4984.0,1
630,Valentina,Adam,STARFRUIT,SEASHELLS,4984.0,9
632,Vladimir,Remy,AMETHYSTS,SEASHELLS,9998.0,1
632,Vladimir,Remy,STARFRUIT,SEASHELLS,4984.0,1
633,Remy,Valentina,STARFRUIT,SEASHELLS,4991.0,2
633,Remy,Remy,AMETHYSTS,SEASHELLS,9998.0,1
635,Valentina,Adam,AMETHYSTS,SEASHELLS,9998.0,6
637,Vinnie,Ruby,AMETHYSTS,SEASHELLS,9996.0,1
638,Vinnie,Ruby,STARFRUIT,SEASHELLS,4983.0,1
642,Valentina,Remy,AMETHYSTS,SEASHELLS,9995.0,2
642,Valentina,Remy,STARFRUIT,SEASHELLS,4982.0,2
645,Remy,Valentina,STARFRUIT,SEASHELLS,4989.0,2
645,Remy,Valentina,AMETHYSTS,SEASHELLS,10005.0,2
645,Remy,Vladimir,AMETHYSTS,SEASHELLS,10002.0,1
646,Remy,Vladimir,STARFRUIT,SEASHELLS,4988.0,1
649,Ruby,Valentina,AMETHYSTS,SEASHELLS,10005.0,2
653,Vinnie,Remy,AMETHYSTS,SEASHELLS,9998.0,1
653,Vinnie,Ruby,AMETHYSTS,SEASHELLS,10000.0,2
654,Vladimir,Remy,STARFRUIT,SEASHELLS,4983.0,1
655,Valentina,Remy,AMETHYSTS,SEASHELLS,9998.0,1
656,Valentina,Remy,AMETHYSTS,SEASHELLS,9995.0,1
656,Vladimir,Remy,STARFRUIT,SEASHELLS,4983.0,1
658,Vinnie,Remy,AMETHYSTS,SEASHELLS,9996.0,1
658,Vladimir,Remy,STARFRUIT,SEASHELLS,4983.0,1
659,Valentina,Remy,AMETHYSTS,SEASHELLS,9998.0,1
660,Vladimir,Remy,AMETHYSTS,SEASHELLS,9998.0,1
662,Valentina,Adam,STARFRUIT,SEASHELLS,4983.0,8
667,Valentina,Rhianna,AMETHYSTS,SEASHELLS,9998.0,2
670,Vladimir,Remy,STARFRUIT,SEASHELLS,4984.0,1
672,Remy,Valentina,STARFRUIT,SEASHELLS,4989.0,1
674,Vinnie,Remy,AMETHYSTS,SEASHELLS,9996.0,1
674,Valentina,Remy,STARFRUIT,SEASHELLS,4983.0,2
677,Rhianna,Valentina,STARFRUIT,SEASHELLS,4988.0,4
679,Vladimir,Remy,STARFRUIT,SEASHELLS,4984.0,2
679,Vladimir,Remy,AMETHYSTS,SEASHELLS,9998.0,2
680,Valentina,Remy,STARFRUIT,SEASHELLS,4984.0,1
680,Rhianna,Valentina,AMETHYSTS,SEASHELLS,10002.0,5
680,Ruby,Valentina,AMETHYSTS,SEASHELLS,10005.0,3
681,Rhianna,Vladimir,AMETHYSTS,SEASHELLS,10002.0,1
682,Remy,Valentina,STARFRUIT,SEASHELLS,4989.0,1
685,Remy,Valentina,AMETHYSTS,SEASHELLS,10002.0,1
686,Remy,Rhianna,STARFRUIT,SEASHELLS,4985.0,1
689,Rhianna,Valentina,AMETHYSTS,SEASHELLS,10002.0,1
689,Remy,Valentina,STARFRUIT,SEASHELLS,4990.0,1
690,Valentina,Amelia,STARFRUIT,SEASHELLS,4984.0,9
693,Remy,Valentina,STARFRUIT,SEASHELLS,4992.0,2
693,Remy,Valentina,AMETHYSTS,SEASHELLS,10005.0,2
694,Remy,Valentina,STARFRUIT,SEASHELLS,4991.0,1
696,Vladimir,Amelia,STARFRUIT,SEASHELLS,4986.0,1
696,Valentina,Amelia,STARFRUIT,SEASHELLS,4986.0,8
704,Valentina,Remy,STARFRUIT,SEASHELLS,4985.0,0
704,Vinnie,Adam,STARFRUIT,SEASHELLS,4985.0,1
704,Valentina,Adam,STARFRUIT,SEASHELLS,4985.0,7
704,Vinnie,Remy,STARFRUIT,SEASHELLS,4985.0,1
714,Valentina,Remy,STARFRUIT,SEASHELLS,4984.0,1
716,Valentina,Amelia,AMETHYSTS,SEASHELLS,9995.0,10
721,Adam,Valentina,STARFRUIT,SEASHELLS,4988.0,9
726,Remy,Vladimir,STARFRUIT,SEASHELLS,4990.0,1
739,Valentina,Remy,STARFRUIT,SEASHELLS,4982.0,1
741,Remy,Valentina,AMETHYSTS,SEASHELLS,10002.0,1
744,Remy,Vinnie,STARFRUIT,SEASHELLS,4987.0,1
744,Remy,Vinnie,AMETHYSTS,SEASHELLS,10004.0,1
749,Remy,Valentina,AMETHYSTS,SEASHELLS,10002.0,1
750,Valentina,Amelia,STARFRUIT,SEASHELLS,4981.0,9
750,Valentina,Ruby,STARFRUIT,SEASHELLS,4981.0,10
752,Vinnie,Remy,AMETHYSTS,SEASHELLS,9996.0,1
752,Valentina,Remy,STARFRUIT,SEASHELLS,4982.0,1
755,Vinnie,Remy,STARFRUIT,SEASHELLS,4983.0,1
764,Remy,Vinnie,AMETHYSTS,SEASHELLS,10002.0,1
764,Valentina,Remy,STARFRUIT,SEASHELLS,4984.0,1
764,Amelia,Vinnie,STARFRUIT,SEASHELLS,4987.0,3
774,Valentina,Vinnie,STARFRUIT,SEASHELLS,4987.0,6
777,Vladimir,Rhianna,AMETHYSTS,SEASHELLS,9998.0,5
778,Valentina,Rhianna,STARFRUIT,SEASHELLS,4985.0,4
778,Remy,Rhianna,STARFRUIT,SEASHELLS,4985.0,1
780,Rhianna,Valentina,AMETHYSTS,SEASHELLS,10002.0,2
781,Remy,Valentina,STARFRUIT,SEASHELLS,4989.0,1
783,Valentina,Remy,AMETHYSTS,SEASHELLS,9995.0,2
783,Vladimir,Remy,STARFRUIT,SEASHELLS,4985.0,2
788,Vinnie,Remy,STARFRUIT,SEASHELLS,4984.0,1
790,Remy,Valentina,AMETHYSTS,SEASHELLS,10005.0,2
790,Remy,Vinnie,STARFRUIT,SEASHELLS,4989.0,1
790,Amelia,Vinnie,AMETHYSTS,SEASHELLS,10004.0,1
795,Remy,Valentina,AMETHYSTS,SEASHELLS,10002.0,1
798,Valentina,Rhianna,STARFRUIT,SEASHELLS,4983.0,4
801,Remy,Valentina,STARFRUIT,SEASHELLS,4986.0,1
803,Remy,Valentina,AMETHYSTS,SEASHELLS,10002.0,1
805,Valentina,Remy,STARFRUIT,SEASHELLS,4981.0,1
808,Remy,Vladimir,AMETHYSTS,SEASHELLS,10002.0,1
813,Valentina,Rhianna,AMETHYSTS,SEASHELLS,9998.0,1
813,Remy,Valentina,STARFRUIT,SEASHELLS,4986.0,1
817,Remy,Vladimir,AMETHYSTS,SEASHELLS,10002.0,1
818,Valentina,Remy,STARFRUIT,SEASHELLS,4981.0,1
818,Vladimir,Remy,AMETHYSTS,SEASHELLS,9998.0,1
819,Valentina,Vinnie,STARFRUIT,SEASHELLS,4984.0,4
821,Valentina,Remy,STARFRUIT,SEASHELLS,4981.0,1
823,Amelia,Vinnie,AMETHYSTS,SEASHELLS,10004.0,1
824,Valentina,Rhianna,STARFRUIT,SEASHELLS,4983.0,4
826,Valentina,Remy,STARFRUIT,SEASHELLS,4981.0,1
832,Valentina,Remy,AMETHYSTS,SEASHELLS,9996.0,1
832,Vinnie,Remy,AMETHYSTS,SEASHELLS,9996.0,1
832,Valentina,Remy,STARFRUIT,SEASHELLS,4982.0,2
833,Valentina,Amelia,STARFRUIT,SEASHELLS,4982.0,15
834,Rhianna,Valentina,STARFRUIT,SEASHELLS,4987.0,3
837,Ruby,Vinnie,AMETHYSTS,SEASHELLS,10004.0,1
840,Ruby,Vladimir,STARFRUIT,SEASHELLS,4987.0,4
842,Remy,Amelia,STARFRUIT,SEASHELLS,4987.0,1
846,Remy,Vinnie,STARFRUIT,SEASHELLS,4989.0,2
846,Remy,Vinnie,AMETHYSTS,SEASHELLS,10004.0,2
847,Remy,Valentina,STARFRUIT,SEASHELLS,4988.0,1
848,Ruby,Vinnie,STARFRUIT,SEASHELLS,4989.0,1
850,Valentina,Rhianna,AMETHYSTS,SEASHELLS,9998.0,5
857,Valentina,Remy,AMETHYSTS,SEASHELLS,9995.0,2
857,Ruby,Valentina,AMETHYSTS,SEASHELLS,10005.0,4
857,Valentina,Remy,STARFRUIT,SEASHELLS,4982.0,2
859,Vladimir,Ruby,AMETHYSTS,SEASHELLS,9998.0,2
859,Vladimir,Remy,STARFRUIT,SEASHELLS,4983.0,1
860,Remy,Vinnie,STARFRUIT,SEASHELLS,4989.0,1
860,Remy,Vladimir,AMETHYSTS,SEASHELLS,10002.0,1
860,Valentina,Remy,STARFRUIT,SEASHELLS,4983.0,1
863,Valentina,Remy,STARFRUIT,SEASHELLS,4983.0,1
863,Valentina,Remy,AMETHYSTS,SEASHELLS,9998.0,1
865,Remy,Valentina,AMETHYSTS,SEASHELLS,10002.0,1
872,Vladimir,Remy,STARFRUIT,SEASHELLS,4983.0,1
879,Rhianna,Valentina,AMETHYSTS,SEASHELLS,10002.0,4
879,Adam,Valentina,STARFRUIT,SEASHELLS,4987.0,10
883,Ruby,Vinnie,AMETHYSTS,SEASHELLS,10004.0,2
885,Rhianna,Valentina,AMETHYSTS,SEASHELLS,10002.0,5
885,Valentina,Ruby,STARFRUIT,SEASHELLS,4985.0,10
886,Valentina,Remy,AMETHYSTS,SEASHELLS,9998.0,1
886,Valentina,Rhianna,STARFRUIT,SEASHELLS,4986.0,4
888,Valentina,Vinnie,STARFRUIT,SEASHELLS,4987.0,4
888,Valentina,Rhianna,STARFRUIT,SEASHELLS,4986.0,5
889,Remy,Valentina,STARFRUIT,SEASHELLS,4989.0,1
891,Remy,Rhianna,STARFRUIT,SEASHELLS,4985.0,1
891,Valentina,Rhianna,STARFRUIT,SEASHELLS,4985.0,2
894,Remy,Vladimir,STARFRUIT,SEASHELLS,4990.0,1
894,Rhianna,Vladimir,STARFRUIT,SEASHELLS,4989.0,3
900,Vladimir,Remy,STARFRUIT,SEASHELLS,4984.0,1
901,Remy,Vinnie,AMETHYSTS,SEASHELLS,10004.0,1
901,Remy,Valentina,STARFRUIT,SEASHELLS,4990.0,1
902,Valentina,Ruby,STARFRUIT,SEASHELLS,4982.0,4
907,Ruby,Vladimir,AMETHYSTS,SEASHELLS,10002.0,6
908,Ruby,Vinnie,STARFRUIT,SEASHELLS,4987.0,3
910,Valentina,Remy,AMETHYSTS,SEASHELLS,9998.0,1
910,Vinnie,Remy,STARFRUIT,SEASHELLS,4985.0,1
914,Remy,Valentina,AMETHYSTS,SEASHELLS,10002.0,1
915,Rhianna,Remy,STARFRUIT,SEASHELLS,4990.0,1
919,Remy,Valentina,AMETHYSTS,SEASHELLS,10002.0,1
919,Vladimir,Remy,STARFRUIT,SEASHELLS,4986.0,1
923,Vladimir,Remy,STARFRUIT,SEASHELLS,4987.0,1
923,Vinnie,Remy,AMETHYSTS,SEASHELLS,9996.0,1
924,Rhianna,Vladimir,STARFRUIT,SEASHELLS,4991.0,2
925,Valentina,Remy,STARFRUIT,SEASHELLS,4986.0,1
930,Remy,Amelia,AMETHYSTS,SEASHELLS,10002.0,1
931,Valentina,Rhianna,AMETHYSTS,SEASHELLS,9998.0,1
931,Rhianna,Valentina,STARFRUIT,SEASHELLS,4990.0,2
931,Rhianna,Vladimir,STARFRUIT,SEASHELLS,4990.0,2
933,Vladimir,Remy,AMETHYSTS,SEASHELLS,9998.0,1
933,Vladimir,Remy,STARFRUIT,SEASHELLS,4986.0,1
935,Valentina,Remy,AMETHYSTS,SEASHELLS,9998.0,1
937,Remy,Vladimir,AMETHYSTS,SEASHELLS,10002.0,1
939,Valentina,Remy,AMETHYSTS,SEASHELLS,9998.0,1
943,Valentina,Remy,STARFRUIT,SEASHELLS,4985.0,1
947,Valentina,Amelia,AMETHYSTS,SEASHELLS,9996.0,9
947,Vinnie,Amelia,AMETHYSTS,SEASHELLS,9996.0,2
948,Rhianna,Vladimir,AMETHYSTS,SEASHELLS,10002.0,4
951,Valentina,Remy,STARFRUIT,SEASHELLS,4985.0,2
951,Vinnie,Remy,AMETHYSTS,SEASHELLS,9996.0,2
953,Remy,Valentina,AMETHYSTS,SEASHELLS,10002.0,1
953,Vladimir,Remy,STARFRUIT,SEASHELLS,4987.0,1
956,Remy,Valentina,STARFRUIT,SEASHELLS,4991.0,1
958,Valentina,Remy,STARFRUIT,SEASHELLS,4986.0,1
959,Ruby,Valentina,AMETHYSTS,SEASHELLS,10002.0,3
959,Remy,Vladimir,STARFRUIT,SEASHELLS,4991.0,1
959,Ruby,Vladimir,AMETHYSTS,SEASHELLS,10002.0,5
961,Valentina,Remy,STARFRUIT,SEASHELLS,4986.0,1
961,Valentina,Remy,AMETHYSTS,SEASHELLS,9995.0,1
962,Valentina,Remy,STARFRUIT,SEASHELLS,4986.0,1
964,Valentina,Ruby,STARFRUIT,SEASHELLS,4986.0,9
964,Rhianna,Valentina,AMETHYSTS,SEASHELLS,10002.0,3
965,Ruby,Valentina,STARFRUIT,SEASHELLS,4993.0,6
968,Remy,Valentina,STARFRUIT,SEASHELLS,4991.0,1
969,Ruby,Valentina,AMETHYSTS,SEASHELLS,10005.0,3
970,Valentina,Rhianna,STARFRUIT,SEASHELLS,4987.0,2
972,Amelia,Valentina,AMETHYSTS,SEASHELLS,10005.0,12
973,Remy,Valentina,STARFRUIT,SEASHELLS,4993.0,1
973,Remy,Vinnie,AMETHYSTS,SEASHELLS,10004.0,1
974,Vladimir,Remy,AMETHYSTS,SEASHELLS,9998.0,1
976,Valentina,Remy,AMETHYSTS,SEASHELLS,9998.0,1
979,Rhianna,Valentina,AMETHYSTS,SEASHELLS,10002.0,4
981,Remy,Valentina,STARFRUIT,SEASHELLS,4993.0,1
981,Remy,Valentina,AMETHYSTS,SEASHELLS,10002.0,1
982,Vinnie,Remy,STARFRUIT,SEASHELLS,4989.0,1
983,Valentina,Remy,AMETHYSTS,SEASHELLS,9998.0,1
983,Valentina,Rhianna,STARFRUIT,SEASHELLS,4989.0,4
984,Valentina,Remy,STARFRUIT,SEASHELLS,4988.0,1
985,Adam,Vladimir,STARFRUIT,SEASHELLS,4992.0,3
987,Ruby,Valentina,STARFRUIT,SEASHELLS,4994.0,6
988,Vinnie,Remy,STARFRUIT,SEASHELLS,4988.0,1
988,Ruby,Valentina,STARFRUIT,SEASHELLS,4994.0,5
988,Vinnie,Remy,AMETHYSTS,SEASHELLS,9996.0,1
990,Valentina,Remy,AMETHYSTS,SEASHELLS,9998.0,1
993,Valentina,Vinnie,STARFRUIT,SEASHELLS,4990.0,2
994,Amelia,Valentina,STARFRUIT,SEASHELLS,4995.0,8
1000,Valentina,Ruby,STARFRUIT,SEASHELLS,4987.0,14
1001,Amelia,Remy,AMETHYSTS,SEASHELLS,9998.0,1
1001,Valentina,Remy,STARFRUIT,SEASHELLS,4987.0,1
1005,Vladimir,Remy,AMETHYSTS,SEASHELLS,9998.0,1
1014,Vinnie,Ruby,STARFRUIT,SEASHELLS,4987.0,2
1022,Remy,Valentina,STARFRUIT,SEASHELLS,4991.0,2
1022,Remy,Vinnie,AMETHYSTS,SEASHELLS,10004.0,2
1023,Remy,Valentina,AMETHYSTS,SEASHELLS,10002.0,1
1023,Rhianna,Vladimir,AMETHYSTS,SEASHELLS,10002.0,3
1025,Remy,Valentina,STARFRUIT,SEASHELLS,4990.0,1
1025,Remy,Valentina,AMETHYSTS,SEASHELLS,10002.0,1
1029,Valentina,Remy,AMETHYSTS,SEASHELLS,9998.0,1
1031,Valentina,Remy,STARFRUIT,SEASHELLS,4984.0,2
1031,Valentina,Remy,AMETHYSTS,SEASHELLS,9995.0,2
1033,Rhianna,Valentina,STARFRUIT,SEASHELLS,4988.0,2
1036,Remy,Ruby,STARFRUIT,SEASHELLS,4990.0,1
1040,Valentina,Remy,AMETHYSTS,SEASHELLS,9998.0,1
1041,Valentina,Ruby,STARFRUIT,SEASHELLS,4983.0,7
1042,Remy,Rhianna,AMETHYSTS,SEASHELLS,9998.0,1
1042,Valentina,Rhianna,AMETHYSTS,SEASHELLS,9998.0,2
1043,Valentina,Rhianna,AMETHYSTS,SEASHELLS,9998.0,2
1044,Rhianna,Valentina,STARFRUIT,SEASHELLS,4989.0,3
1044,Valentina,Remy,AMETHYSTS,SEASHELLS,9998.0,1
1044,Rhianna,Remy,STARFRUIT,SEASHELLS,4989.0,2
1044,Valentina,Remy,AMETHYSTS,SEASHELLS,9995.0,2
1047,Remy,Vladimir,AMETHYSTS,SEASHELLS,10002.0,1
1047,Valentina,Remy,STARFRUIT,SEASHELLS,4985.0,1
1048,Vladimir,Remy,STARFRUIT,SEASHELLS,4985.0,1
1051,Remy,Valentina,AMETHYSTS,SEASHELLS,10002.0,1
1052,Valentina,Remy,STARFRUIT,SEASHELLS,4986.0,1
1059,Ruby,Vladimir,AMETHYSTS,SEASHELLS,10002.0,5
1061,Ruby,Valentina,STARFRUIT,SEASHELLS,4991.0,8
1068,Remy,Valentina,STARFRUIT,SEASHELLS,4990.0,2
1068,Remy,Valentina,AMETHYSTS,SEASHELLS,10005.0,2
1069,Valentina,Adam,STARFRUIT,SEASHELLS,4984.0,10
1072,Valentina,Ruby,AMETHYSTS,SEASHELLS,9995.0,4
1075,Remy,Valentina,STARFRUIT,SEASHELLS,4990.0,2
1075,Remy,Vladimir,AMETHYSTS,SEASHELLS,10002.0,2
1077,Remy,Vinnie,AMETHYSTS,SEASHELLS,10004.0,2
1077,Remy,Valentina,STARFRUIT,SEASHELLS,4990.0,2
1080,Vladimir,Amelia,AMETHYSTS,SEASHELLS,9998.0,6
1080,Valentina,Amelia,AMETHYSTS,SEASHELLS,9998.0,5
1081,Vladimir,Adam,STARFRUIT,SEASHELLS,4983.0,4
1083,Valentina,Remy,AMETHYSTS,SEASHELLS,9998.0,1
1084,Remy,Valentina,STARFRUIT,SEASHELLS,4987.0,1
1086,Remy,Valentina,AMETHYSTS,SEASHELLS,10002.0,1
1086,Valentina,Rhianna,STARFRUIT,SEASHELLS,4984.0,2
1087,Valentina,Amelia,AMETHYSTS,SEASHELLS,9995.0,10
1088,Vinnie,Remy,STARFRUIT,SEASHELLS,4983.0,1
1089,Remy,Vinnie,AMETHYSTS,SEASHELLS,10004.0,1
1089,Remy,Valentina,STARFRUIT,SEASHELLS,4989.0,1
1091,Rhianna,Vladimir,AMETHYSTS,SEASHELLS,10002.0,2
1094,Remy,Valentina,STARFRUIT,SEASHELLS,4988.0,1
1096,Amelia,Valentina,STARFRUIT,SEASHELLS,4990.0,12
1099,Remy,Valentina,AMETHYSTS,SEASHELLS,10005.0,1
1099,Remy,Vladimir,STARFRUIT,SEASHELLS,4988.0,1
1103,Valentina,Ruby,STARFRUIT,SEASHELLS,4983.0,8
1113,Rhianna,Remy,STARFRUIT,SEASHELLS,4986.0,1
1113,Valentina,Remy,AMETHYSTS,SEASHELLS,9995.0,1
1116,Vinnie,Ruby,AMETHYSTS,SEASHELLS,9996.0,2
1116,Remy,Rhianna,STARFRUIT,SEASHELLS,4984.0,1
1120,Remy,Vladimir,AMETHYSTS,SEASHELLS,10002.0,1
1122,Remy,Vladimir,AMETHYSTS,SEASHELLS,10002.0,1
1123,Vladimir,Remy,STARFRUIT,SEASHELLS,4981.0,1
1124,Remy,Valentina,STARFRUIT,SEASHELLS,4986.0,1
1125,Remy,Valentina,AMETHYSTS,SEASHELLS,10002.0,1
1125,Valentina,Remy,STARFRUIT,SEASHELLS,4981.0,1
1131,Remy,Valentina,STARFRUIT,SEASHELLS,4985.0,1
1132,Valentina,Remy,STARFRUIT,SEASHELLS,4980.0,1
1134,Remy,Vladimir,STARFRUIT,SEASHELLS,4984.0,2
1134,Remy,Vinnie,AMETHYSTS,SEASHELLS,10004.0,1
1137,Remy,Vladimir,STARFRUIT,SEASHELLS,4984.0,1
1138,Vinnie,Remy,AMETHYSTS,SEASHELLS,9996.0,1
1138,Valentina,Remy,STARFRUIT,SEASHELLS,4979.0,1
1139,Vladimir,Remy,STARFRUIT,SEASHELLS,4979.0,1
1143,Valentina,Remy,STARFRUIT,SEASHELLS,4979.0,1
1147,Amelia,Valentina,AMETHYSTS,SEASHELLS,10005.0,12
1147,Valentina,Ruby,AMETHYSTS,SEASHELLS,9995.0,4
1150,Valentina,Remy,STARFRUIT,SEASHELLS,4980.0,1
1152,Valentina,Remy,STARFRUIT,SEASHELLS,4980.0,1
1153,Remy,Vladimir,STARFRUIT,SEASHELLS,4986.0,1
1156,Valentina,Rhianna,STARFRUIT,SEASHELLS,4981.0,3
1156,Vladimir,Remy,AMETHYSTS,SEASHELLS,9998.0,1
1158,Valentina,Remy,AMETHYSTS,SEASHELLS,9998.0,1
1158,Remy,Valentina,STARFRUIT,SEASHELLS,4984.0,1
1166,Valentina,Vinnie,STARFRUIT,SEASHELLS,4981.0,3
1167,Remy,Valentina,STARFRUIT,SEASHELLS,4983.0,1
1169,Valentina,Vinnie,STARFRUIT,SEASHELLS,4981.0,5
1177,Remy,Valentina,STARFRUIT,SEASHELLS,4984.0,1
1180,Valentina,Remy,AMETHYSTS,SEASHELLS,9995.0,1
1180,Vladimir,Remy,STARFRUIT,SEASHELLS,4977.0,1
1183,Rhianna,Vladimir,STARFRUIT,SEASHELLS,4980.0,2
1186,Valentina,Remy,STARFRUIT,SEASHELLS,4975.0,1
1190,Remy,Vladimir,STARFRUIT,SEASHELLS,4980.0,1
1193,Remy,Vladimir,AMETHYSTS,SEASHELLS,10002.0,1
1193,Remy,Valentina,STARFRUIT,SEASHELLS,4981.0,1
1195,Vinnie,Remy,STARFRUIT,SEASHELLS,4974.0,1
1197,Vladimir,Remy,STARFRUIT,SEASHELLS,4974.0,1
1202,Remy,Vladimir,AMETHYSTS,SEASHELLS,10002.0,1
1202,Valentina,Remy,STARFRUIT,SEASHELLS,4973.0,1
1205,Valentina,Rhianna,AMETHYSTS,SEASHELLS,9998.0,3
1207,Vladimir,Remy,STARFRUIT,SEASHELLS,4973.0,1
1208,Remy,Remy,STARFRUIT,SEASHELLS,4978.0,1
1208,Vinnie,Remy,AMETHYSTS,SEASHELLS,10000.0,2
1209,Valentina,Remy,AMETHYSTS,SEASHELLS,9998.0,1
1213,Ruby,Valentina,STARFRUIT,SEASHELLS,4981.0,9
1218,Adam,Rhianna,AMETHYSTS,SEASHELLS,9998.0,2
1220,Valentina,Adam,STARFRUIT,SEASHELLS,4975.0,9
1223,Ruby,Vinnie,AMETHYSTS,SEASHELLS,10004.0,2
1223,Ruby,Valentina,AMETHYSTS,SEASHELLS,10004.0,3
1227,Valentina,Remy,STARFRUIT,SEASHELLS,4973.0,1
1230,Valentina,Remy,AMETHYSTS,SEASHELLS,9998.0,1
1230,Vladimir,Remy,STARFRUIT,SEASHELLS,4973.0,1
1231,Valentina,Remy,STARFRUIT,SEASHELLS,4973.0,1
1232,Remy,Valentina,STARFRUIT,SEASHELLS,4978.0,1
1233,Adam,Valentina,STARFRUIT,SEASHELLS,4978.0,9
1240,Remy,Valentina,STARFRUIT,SEASHELLS,4977.0,1
1244,Remy,Valentina,AMETHYSTS,SEASHELLS,10002.0,1
1245,Valentina,Ruby,AMETHYSTS,SEASHELLS,9995.0,5
1247,Valentina,Rhianna,AMETHYSTS,SEASHELLS,9998.0,1
1249,Remy,Vladimir,AMETHYSTS,SEASHELLS,10002.0,2
1249,Remy,Valentina,STARFRUIT,SEASHELLS,4976.0,2
1251,Vinnie,Remy,STARFRUIT,SEASHELLS,4970.0,1
1251,Valentina,Remy,AMETHYSTS,SEASHELLS,9998.0,1
1252,Remy,Vladimir,STARFRUIT,SEASHELLS,4974.0,1
1252,Remy,Vinnie,AMETHYSTS,SEASHELLS,10004.0,1
1253,Remy,Valentina,AMETHYSTS,SEASHELLS,10005.0,2
1253,Remy,Valentina,STARFRUIT,SEASHELLS,4976.0,2
1254,Valentina,Remy,STARFRUIT,SEASHELLS,4969.0,2
1254,Vinnie,Remy,AMETHYSTS,SEASHELLS,9996.0,2
1264,Valentina,Ruby,AMETHYSTS,SEASHELLS,9996.0,3
1264,Vinnie,Ruby,AMETHYSTS,SEASHELLS,9996.0,1
1265,Vladimir,Ruby,AMETHYSTS,SEASHELLS,9998.0,4
1270,Valentina,Amelia,AMETHYSTS,SEASHELLS,9995.0,12
1272,Rhianna,Vladimir,AMETHYSTS,SEASHELLS,10002.0,2
1273,Valentina,Ruby,STARFRUIT,SEASHELLS,4970.0,6
1273,Valentina,Remy,STARFRUIT,SEASHELLS,4970.0,1
1274,Remy,Valentina,AMETHYSTS,SEASHELLS,10002.0,1
1276,Vinnie,Remy,STARFRUIT,SEASHELLS,4969.0,1
1278,Ruby,Vinnie,AMETHYSTS,SEASHELLS,10004.0,2
1279,Remy,Vladimir,AMETHYSTS,SEASHELLS,10002.0,1
1289,Rhianna,Valentina,STARFRUIT,SEASHELLS,4974.0,3
1292,Valentina,Remy,AMETHYSTS,SEASHELLS,9995.0,2
1292,Valentina,Remy,STARFRUIT,SEASHELLS,4969.0,2
1296,Remy,Vladimir,STARFRUIT,SEASHELLS,4975.0,1
1297,Valentina,Remy,STARFRUIT,SEASHELLS,4970.0,1
1297,Valentina,Remy,AMETHYSTS,SEASHELLS,9995.0,1
1298,Vladimir,Remy,STARFRUIT,SEASHELLS,4970.0,1
1301,Rhianna,Valentina,AMETHYSTS,SEASHELLS,10002.0,4
1301,Rhianna,Remy,AMETHYSTS,SEASHELLS,10002.0,1
1302,Valentina,Remy,STARFRUIT,SEASHELLS,4970.0,1
1303,Ruby,Rhianna,AMETHYSTS,SEASHELLS,9998.0,3
1303,Valentina,Remy,STARFRUIT,SEASHELLS,4970.0,1
1304,Valentina,Remy,STARFRUIT,SEASHELLS,4969.0,1
1305,Ruby,Valentina,STARFRUIT,SEASHELLS,4976.0,12
1305,Valentina,Rhianna,AMETHYSTS,SEASHELLS,9998.0,3
1312,Remy,Rhianna,AMETHYSTS,SEASHELLS,9998.0,1
1314,Ruby,Rhianna,AMETHYSTS,SEASHELLS,9998.0,3
1316,Vladimir,Rhianna,AMETHYSTS,SEASHELLS,9998.0,1
1320,Remy,Valentina,STARFRUIT,SEASHELLS,4975.0,1
1320,Remy,Vinnie,AMETHYSTS,SEASHELLS,10004.0,1
1321,Vladimir,Rhianna,AMETHYSTS,SEASHELLS,9998.0,5
1323,Vinnie,Remy,AMETHYSTS,SEASHELLS,10000.0,1
1323,Vinnie,Remy,STARFRUIT,SEASHELLS,4971.0,1
1327,Amelia,Valentina,AMETHYSTS,SEASHELLS,10004.0,9
1327,Amelia,Vinnie,AMETHYSTS,SEASHELLS,10004.0,1
1327,Valentina,Rhianna,STARFRUIT,SEASHELLS,4968.0,3
1334,Remy,Valentina,STARFRUIT,SEASHELLS,4975.0,1
1334,Remy,Vinnie,AMETHYSTS,SEASHELLS,10004.0,1
1337,Remy,Valentina,STARFRUIT,SEASHELLS,4974.0,1
1337,Remy,Vinnie,AMETHYSTS,SEASHELLS,10004.0,1
1341,Adam,Vladimir,STARFRUIT,SEASHELLS,4973.0,1
1341,Adam,Valentina,STARFRUIT,SEASHELLS,4973.0,9
1342,Valentina,Rhianna,STARFRUIT,SEASHELLS,4969.0,2
1347,Remy,Valentina,STARFRUIT,SEASHELLS,4974.0,1
1347,Remy,Vinnie,AMETHYSTS,SEASHELLS,10004.0,1
1348,Amelia,Vinnie,AMETHYSTS,SEASHELLS,10004.0,2
1349,Remy,Vladimir,AMETHYSTS,SEASHELLS,10002.0,1
1352,Valentina,Amelia,STARFRUIT,SEASHELLS,4967.0,15
1356,Valentina,Remy,STARFRUIT,SEASHELLS,4967.0,1
1365,Valentina,Remy,STARFRUIT,SEASHELLS,4968.0,1
1365,Remy,Valentina,STARFRUIT,SEASHELLS,4975.0,2
1365,Remy,Valentina,AMETHYSTS,SEASHELLS,10005.0,2
1368,Valentina,Rhianna,AMETHYSTS,SEASHELLS,9998.0,2
1369,Vladimir,Remy,STARFRUIT,SEASHELLS,4968.0,1
1370,Ruby,Valentina,STARFRUIT,SEASHELLS,4974.0,9
1377,Ruby,Vinnie,AMETHYSTS,SEASHELLS,10004.0,1
1391,Valentina,Rhianna,AMETHYSTS,SEASHELLS,9998.0,5
1394,Valentina,Ruby,AMETHYSTS,SEASHELLS,9996.0,2
1394,Vinnie,Ruby,AMETHYSTS,SEASHELLS,9996.0,1
1404,Remy,Vladimir,STARFRUIT,SEASHELLS,4971.0,1
1407,Vladimir,Rhianna,AMETHYSTS,SEASHELLS,9998.0,2
1408,Vladimir,Remy,STARFRUIT,SEASHELLS,4966.0,1
1409,Valentina,Remy,STARFRUIT,SEASHELLS,4965.0,1
1411,Valentina,Remy,AMETHYSTS,SEASHELLS,9998.0,1
1412,Valentina,Ruby,STARFRUIT,SEASHELLS,4964.0,11
1414,Remy,Valentina,STARFRUIT,SEASHELLS,4969.0,1
1416,Remy,Vladimir,STARFRUIT,SEASHELLS,4969.0,1
1417,Adam,Valentina,STARFRUIT,SEASHELLS,4968.0,10
1420,Vinnie,Ruby,AMETHYSTS,SEASHELLS,9996.0,1
1420,Valentina,Amelia,STARFRUIT,SEASHELLS,4964.0,11
1424,Remy,Valentina,STARFRUIT,SEASHELLS,4970.0,1
1424,Remy,Vinnie,AMETHYSTS,SEASHELLS,10004.0,1
1428,Amelia,Valentina,STARFRUIT,SEASHELLS,4970.0,13
1428,Remy,Valentina,STARFRUIT,SEASHELLS,4968.0,1
1428,Rhianna,Valentina,STARFRUIT,SEASHELLS,4967.0,4
1431,Valentina,Remy,STARFRUIT,SEASHELLS,4963.0,2
1431,Valentina,Remy,AMETHYSTS,SEASHELLS,9995.0,2
1432,Valentina,Remy,STARFRUIT,SEASHELLS,4963.0,1
1432,Valentina,Remy,AMETHYSTS,SEASHELLS,9995.0,1
1432,Valentina,Remy,AMETHYSTS,SEASHELLS,9998.0,1
1438,Valentina,Remy,STARFRUIT,SEASHELLS,4964.0,1
1438,Vladimir,Remy,AMETHYSTS,SEASHELLS,9998.0,1
1441,Rhianna,Valentina,AMETHYSTS,SEASHELLS,10002.0,1
1442,Remy,Valentina,STARFRUIT,SEASHELLS,4969.0,2
1442,Remy,Vinnie,AMETHYSTS,SEASHELLS,10004.0,1
1446,Vladimir,Rhianna,AMETHYSTS,SEASHELLS,9998.0,3
1448,Remy,Vladimir,STARFRUIT,SEASHELLS,4968.0,1
1449,Remy,Valentina,AMETHYSTS,SEASHELLS,10002.0,1
1458,Valentina,Rhianna,AMETHYSTS,SEASHELLS,9998.0,3
1458,Remy,Valentina,STARFRUIT,SEASHELLS,4967.0,1
1459,Remy,Valentina,STARFRUIT,SEASHELLS,4969.0,1
1459,Remy,Valentina,STARFRUIT,SEASHELLS,4968.0,1
1459,Remy,Vinnie,AMETHYSTS,SEASHELLS,10004.0,1
1460,Remy,Amelia,STARFRUIT,SEASHELLS,4967.0,1
1462,Valentina,Ruby,STARFRUIT,SEASHELLS,4962.0,10
1463,Remy,Valentina,AMETHYSTS,SEASHELLS,10005.0,2
1463,Remy,Valentina,STARFRUIT,SEASHELLS,4970.0,2
1467,Ruby,Valentina,AMETHYSTS,SEASHELLS,10005.0,5
1469,Valentina,Rhianna,STARFRUIT,SEASHELLS,4964.0,3
1469,Valentina,Remy,STARFRUIT,SEASHELLS,4963.0,1
1469,Amelia,Valentina,AMETHYSTS,SEASHELLS,10004.0,8
1469,Amelia,Vinnie,AMETHYSTS,SEASHELLS,10004.0,2
1470,Ruby,Valentina,STARFRUIT,SEASHELLS,4969.0,8
1471,Valentina,Rhianna,STARFRUIT,SEASHELLS,4964.0,4
1473,Vinnie,Remy,STARFRUIT,SEASHELLS,4963.0,1
1474,Valentina,Remy,STARFRUIT,SEASHELLS,4962.0,1
1474,Valentina,Remy,AMETHYSTS,SEASHELLS,9995.0,1
1478,Valentina,Remy,AMETHYSTS,SEASHELLS,9998.0,1
1478,Remy,Valentina,STARFRUIT,SEASHELLS,4967.0,1
1480,Vinnie,Remy,AMETHYSTS,SEASHELLS,10000.0,1
1480,Vinnie,Remy,AMETHYSTS,SEASHELLS,9998.0,1
1480,Vinnie,Remy,STARFRUIT,SEASHELLS,4964.0,1
1481,Valentina,Rhianna,STARFRUIT,SEASHELLS,4963.0,3
1482,Valentina,Remy,AMETHYSTS,SEASHELLS,9995.0,2
1482,Remy,Remy,STARFRUIT,SEASHELLS,4967.0,1
1483,Valentina,Adam,STARFRUIT,SEASHELLS,4962.0,10
1485,Remy,Valentina,STARFRUIT,SEASHELLS,4966.0,1
1487,Vladimir,Remy,STARFRUIT,SEASHELLS,4961.0,1
1488,Valentina,Amelia,STARFRUIT,SEASHELLS,4961.0,9
1494,Valentina,Vinnie,STARFRUIT,SEASHELLS,4963.0,3
1500,Rhianna,Remy,STARFRUIT,SEASHELLS,4964.0,1
1500,Rhianna,Vladimir,STARFRUIT,SEASHELLS,4964.0,1
1501,Remy,Vladimir,STARFRUIT,SEASHELLS,4964.0,1
1501,Remy,Vinnie,AMETHYSTS,SEASHELLS,10004.0,1
1502,Remy,Vladimir,STARFRUIT,SEASHELLS,4965.0,1
1503,Valentina,Remy,STARFRUIT,SEASHELLS,4959.0,1
1503,Vinnie,Remy,AMETHYSTS,SEASHELLS,9996.0,1
1514,Valentina,Remy,STARFRUIT,SEASHELLS,4960.0,1
1514,Remy,Valentina,AMETHYSTS,SEASHELLS,10002.0,1
1519,Valentina,Remy,STARFRUIT,SEASHELLS,4960.0,1
1520,Adam,Vladimir,AMETHYSTS,SEASHELLS,10002.0,6
1521,Remy,Vinnie,AMETHYSTS,SEASHELLS,10004.0,2
1521,Remy,Valentina,STARFRUIT,SEASHELLS,4966.0,2
1523,Valentina,Remy,STARFRUIT,SEASHELLS,4959.0,1
1528,Rhianna,Valentina,STARFRUIT,SEASHELLS,4965.0,3
1532,Valentina,Ruby,AMETHYSTS,SEASHELLS,9995.0,5
1534,Valentina,Vinnie,STARFRUIT,SEASHELLS,4963.0,2
1535,Remy,Vinnie,STARFRUIT,SEASHELLS,4967.0,1
1535,Remy,Vladimir,AMETHYSTS,SEASHELLS,10002.0,1
1536,Vladimir,Remy,STARFRUIT,SEASHELLS,4961.0,1
1537,Valentina,Remy,AMETHYSTS,SEASHELLS,9998.0,1
1539,Valentina,Remy,STARFRUIT,SEASHELLS,4961.0,1
1540,Valentina,Adam,STARFRUIT,SEASHELLS,4963.0,10
1541,Vladimir,Rhianna,AMETHYSTS,SEASHELLS,9998.0,2
1544,Rhianna,Valentina,AMETHYSTS,SEASHELLS,10002.0,2
1546,Remy,Ruby,AMETHYSTS,SEASHELLS,10002.0,1
1547,Ruby,Vladimir,STARFRUIT,SEASHELLS,4967.0,7
1547,Valentina,Remy,STARFRUIT,SEASHELLS,4962.0,1
1548,Valentina,Remy,STARFRUIT,SEASHELLS,4962.0,1
1552,Remy,Valentina,AMETHYSTS,SEASHELLS,10002.0,1
1556,Remy,Vinnie,STARFRUIT,SEASHELLS,4969.0,1
1556,Remy,Remy,AMETHYSTS,SEASHELLS,9998.0,1
1557,Remy,Valentina,AMETHYSTS,SEASHELLS,10002.0,1
1562,Valentina,Rhianna,STARFRUIT,SEASHELLS,4964.0,5
1564,Ruby,Valentina,STARFRUIT,SEASHELLS,4969.0,7
1565,Remy,Vladimir,AMETHYSTS,SEASHELLS,10002.0,1
1567,Remy,Vinnie,AMETHYSTS,SEASHELLS,10004.0,2
1567,Remy,Valentina,STARFRUIT,SEASHELLS,4969.0,2
1570,Amelia,Vinnie,STARFRUIT,SEASHELLS,4969.0,2
1570,Amelia,Valentina,STARFRUIT,SEASHELLS,4969.0,9
1574,Remy,Remy,AMETHYSTS,SEASHELLS,10002.0,1
1574,Vinnie,Remy,STARFRUIT,SEASHELLS,4964.0,1
1577,Remy,Valentina,STARFRUIT,SEASHELLS,4972.0,1
1577,Remy,Vinnie,AMETHYSTS,SEASHELLS,10004.0,1
1579,Remy,Rhianna,STARFRUIT,SEASHELLS,4966.0,2
1579,Remy,Valentina,AMETHYSTS,SEASHELLS,10005.0,2
1580,Remy,Valentina,AMETHYSTS,SEASHELLS,10002.0,1
1580,Valentina,Remy,STARFRUIT,SEASHELLS,4965.0,1
1582,Vladimir,Ruby,AMETHYSTS,SEASHELLS,9998.0,8
1583,Remy,Valentina,AMETHYSTS,SEASHELLS,10002.0,1
1583,Vladimir,Remy,STARFRUIT,SEASHELLS,4965.0,1
1585,Valentina,Remy,STARFRUIT,SEASHELLS,4965.0,1
1592,Vladimir,Remy,AMETHYSTS,SEASHELLS,9998.0,2
1592,Valentina,Remy,STARFRUIT,SEASHELLS,4964.0,2
1594,Remy,Vladimir,AMETHYSTS,SEASHELLS,10002.0,1
1594,Valentina,Amelia,STARFRUIT,SEASHELLS,4965.0,8
1595,Valentina,Remy,STARFRUIT,SEASHELLS,4964.0,1
1599,Vinnie,Remy,AMETHYSTS,SEASHELLS,9996.0,2
1599,Valentina,Remy,STARFRUIT,SEASHELLS,4964.0,2
1602,Vinnie,Remy,STARFRUIT,SEASHELLS,4964.0,1
1603,Remy,Valentina,STARFRUIT,SEASHELLS,4969.0,1
1604,Vladimir,Remy,STARFRUIT,SEASHELLS,4963.0,1
1607,Vinnie,Remy,STARFRUIT,SEASHELLS,4963.0,1
1608,Amelia,Valentina,STARFRUIT,SEASHELLS,4969.0,13
1612,Valentina,Rhianna,STARFRUIT,SEASHELLS,4964.0,3
1614,Amelia,Valentina,STARFRUIT,SEASHELLS,4969.0,13
1618,Valentina,Remy,STARFRUIT,SEASHELLS,4962.0,1
1620,Remy,Valentina,AMETHYSTS,SEASHELLS,10005.0,2
1620,Remy,Valentina,STARFRUIT,SEASHELLS,4968.0,2
1623,Rhianna,Remy,AMETHYSTS,SEASHELLS,10002.0,2
1623,Valentina,Remy,STARFRUIT,SEASHELLS,4962.0,2
1624,Valentina,Remy,STARFRUIT,SEASHELLS,4962.0,1
1627,Vinnie,Remy,AMETHYSTS,SEASHELLS,9996.0,1
1627,Vladimir,Remy,STARFRUIT,SEASHELLS,4962.0,1
1628,Valentina,Remy,AMETHYSTS,SEASHELLS,9995.0,2
1628,Valentina,Remy,STARFRUIT,SEASHELLS,4961.0,2
1631,Remy,Vladimir,STARFRUIT,SEASHELLS,4967.0,1
1633,Remy,Valentina,STARFRUIT,SEASHELLS,4969.0,1
1636,Valentina,Vinnie,STARFRUIT,SEASHELLS,4966.0,2
1637,Valentina,Ruby,STARFRUIT,SEASHELLS,4963.0,4
1639,Rhianna,Valentina,AMETHYSTS,SEASHELLS,10002.0,4
1639,Remy,Valentina,AMETHYSTS,SEASHELLS,10002.0,1
1640,Vinnie,Amelia,AMETHYSTS,SEASHELLS,10000.0,3
1646,Vladimir,Remy,AMETHYSTS,SEASHELLS,9998.0,1
1648,Remy,Rhianna,AMETHYSTS,SEASHELLS,9998.0,1
1649,Vladimir,Rhianna,STARFRUIT,SEASHELLS,4964.0,3
1650,Rhianna,Valentina,AMETHYSTS,SEASHELLS,10002.0,2
1653,Valentina,Ruby,AMETHYSTS,SEASHELLS,9996.0,3
1653,Vinnie,Ruby,AMETHYSTS,SEASHELLS,9996.0,1
1655,Remy,Vladimir,STARFRUIT,SEASHELLS,4968.0,1
1657,Remy,Vladimir,STARFRUIT,SEASHELLS,4968.0,1
1661,Rhianna,Vladimir,AMETHYSTS,SEASHELLS,10002.0,1
1663,Remy,Valentina,AMETHYSTS,SEASHELLS,10002.0,1
1664,Remy,Valentina,AMETHYSTS,SEASHELLS,10002.0,1
1666,Valentina,Rhianna,STARFRUIT,SEASHELLS,4964.0,3
1667,Remy,Remy,AMETHYSTS,SEASHELLS,10002.0,1
1667,Valentina,Remy,STARFRUIT,SEASHELLS,4963.0,1
1673,Remy,Valentina,STARFRUIT,SEASHELLS,4968.0,2
1673,Remy,Valentina,AMETHYSTS,SEASHELLS,10005.0,2
1681,Remy,Valentina,AMETHYSTS,SEASHELLS,10002.0,1
1682,Valentina,Remy,AMETHYSTS,SEASHELLS,9995.0,1
1682,Valentina,Remy,STARFRUIT,SEASHELLS,4960.0,1
1689,Valentina,Rhianna,AMETHYSTS,SEASHELLS,9998.0,5
1692,Vinnie,Remy,STARFRUIT,SEASHELLS,4959.0,1
1693,Rhianna,Vinnie,AMETHYSTS,SEASHELLS,10002.0,1
1693,Valentina,Vinnie,STARFRUIT,SEASHELLS,4962.0,3
1695,Ruby,Valentina,STARFRUIT,SEASHELLS,4966.0,12
1696,Remy,Valentina,STARFRUIT,SEASHELLS,4966.0,1
1700,Remy,Vladimir,STARFRUIT,SEASHELLS,4965.0,2
1700,Rhianna,Remy,STARFRUIT,SEASHELLS,4964.0,1
1700,Remy,Vladimir,AMETHYSTS,SEASHELLS,10002.0,2
1702,Remy,Valentina,STARFRUIT,SEASHELLS,4967.0,1
1702,Remy,Vinnie,AMETHYSTS,SEASHELLS,10004.0,1
1704,Amelia,Valentina,STARFRUIT,SEASHELLS,4967.0,12
1714,Valentina,Remy,AMETHYSTS,SEASHELLS,9998.0,1
1717,Remy,Vinnie,AMETHYSTS,SEASHELLS,10004.0,1
1717,Remy,Vladimir,STARFRUIT,SEASHELLS,4964.0,1
1720,Valentina,Amelia,STARFRUIT,SEASHELLS,4959.0,13
1721,Remy,Adam,AMETHYSTS,SEASHELLS,10002.0,1
1722,Remy,Valentina,AMETHYSTS,SEASHELLS,10002.0,1
1723,Remy,Vladimir,AMETHYSTS,SEASHELLS,10002.0,1
1726,Remy,Valentina,AMETHYSTS,SEASHELLS,10002.0,1
1727,Ruby,Vinnie,AMETHYSTS,SEASHELLS,10004.0,2
1731,Ruby,Valentina,AMETHYSTS,SEASHELLS,10005.0,4
1736,Remy,Valentina,STARFRUIT,SEASHELLS,4965.0,1
1737,Valentina,Remy,AMETHYSTS,SEASHELLS,9998.0,1
1741,Valentina,Remy,AMETHYSTS,SEASHELLS,9998.0,1
1741,Remy,Valentina,STARFRUIT,SEASHELLS,4963.0,1
1744,Valentina,Vinnie,STARFRUIT,SEASHELLS,4960.0,3
1747,Rhianna,Valentina,STARFRUIT,SEASHELLS,4961.0,2
1749,Remy,Vladimir,AMETHYSTS,SEASHELLS,10002.0,1
1749,Remy,Vladimir,STARFRUIT,SEASHELLS,4962.0,1
1752,Remy,Vladimir,STARFRUIT,SEASHELLS,4963.0,1
1752,Valentina,Remy,STARFRUIT,SEASHELLS,4958.0,2
1752,Vinnie,Remy,AMETHYSTS,SEASHELLS,9996.0,2
1752,Valentina,Remy,AMETHYSTS,SEASHELLS,9998.0,1
1755,Remy,Vinnie,AMETHYSTS,SEASHELLS,10004.0,1
1755,Remy,Valentina,STARFRUIT,SEASHELLS,4964.0,1
1756,Remy,Valentina,STARFRUIT,SEASHELLS,4963.0,1
1760,Vinnie,Remy,STARFRUIT,SEASHELLS,4958.0,1
1761,Remy,Vladimir,AMETHYSTS,SEASHELLS,10002.0,1
1765,Remy,Vinnie,AMETHYSTS,SEASHELLS,10004.0,1
1765,Remy,Vinnie,STARFRUIT,SEASHELLS,4963.0,1
1769,Valentina,Rhianna,STARFRUIT,SEASHELLS,4959.0,2
1769,Amelia,Valentina,AMETHYSTS,SEASHELLS,10005.0,9
1772,Vinnie,Adam,STARFRUIT,SEASHELLS,4958.0,1
1772,Vladimir,Adam,STARFRUIT,SEASHELLS,4958.0,7
1773,Valentina,Rhianna,STARFRUIT,SEASHELLS,4959.0,2
1779,Vladimir,Amelia,AMETHYSTS,SEASHELLS,9998.0,3
1782,Remy,Valentina,STARFRUIT,SEASHELLS,4962.0,1
1785,Valentina,Ruby,STARFRUIT,SEASHELLS,4956.0,13
1787,Valentina,Adam,STARFRUIT,SEASHELLS,4957.0,7
1788,Valentina,Rhianna,STARFRUIT,SEASHELLS,4958.0,4
1796,Remy,Valentina,AMETHYSTS,SEASHELLS,10002.0,1
1796,Valentina,Adam,STARFRUIT,SEASHELLS,4959.0,7
1800,Valentina,Remy,STARFRUIT,SEASHELLS,4957.0,1
1805,Vinnie,Remy,STARFRUIT,SEASHELLS,4956.0,1
1809,Remy,Rhianna,AMETHYSTS,SEASHELLS,9998.0,1
1809,Vladimir,Rhianna,AMETHYSTS,SEASHELLS,9998.0,2
1810,Remy,Vladimir,AMETHYSTS,SEASHELLS,10002.0,1
1814,Valentina,Remy,STARFRUIT,SEASHELLS,4957.0,1
1815,Vladimir,Ruby,STARFRUIT,SEASHELLS,4957.0,2
1816,Vinnie,Ruby,AMETHYSTS,SEASHELLS,9996.0,1
1818,Remy,Valentina,AMETHYSTS,SEASHELLS,10005.0,2
1818,Remy,Vladimir,STARFRUIT,SEASHELLS,4961.0,2
1823,Valentina,Rhianna,AMETHYSTS,SEASHELLS,9998.0,3
1823,Vladimir,Rhianna,AMETHYSTS,SEASHELLS,9998.0,1
1825,Remy,Valentina,AMETHYSTS,SEASHELLS,10002.0,1
1827,Vinnie,Ruby,AMETHYSTS,SEASHELLS,9996.0,2
1829,Remy,Valentina,AMETHYSTS,SEASHELLS,10002.0,1
1831,Vladimir,Remy,STARFRUIT,SEASHELLS,4957.0,1
1831,Rhianna,Valentina,AMETHYSTS,SEASHELLS,10002.0,1
1834,Vinnie,Remy,STARFRUIT,SEASHELLS,4957.0,1
1839,Remy,Valentina,AMETHYSTS,SEASHELLS,10002.0,1
1842,Valentina,Remy,STARFRUIT,SEASHELLS,4955.0,1
1844,Amelia,Valentina,STARFRUIT,SEASHELLS,4961.0,9
1848,Vinnie,Ruby,AMETHYSTS,SEASHELLS,10000.0,2
1850,Valentina,Remy,AMETHYSTS,SEASHELLS,9995.0,1
1850,Valentina,Remy,STARFRUIT,SEASHELLS,4955.0,1
1855,Vladimir,Amelia,STARFRUIT,SEASHELLS,4956.0,7
1855,Valentina,Amelia,STARFRUIT,SEASHELLS,4956.0,7
1860,Valentina,Remy,AMETHYSTS,SEASHELLS,9995.0,1
1860,Valentina,Remy,STARFRUIT,SEASHELLS,4955.0,1
1865,Vinnie,Remy,AMETHYSTS,SEASHELLS,9996.0,1
1865,Valentina,Remy,STARFRUIT,SEASHELLS,4955.0,1
1868,Valentina,Remy,STARFRUIT,SEASHELLS,4955.0,1
1868,Valentina,Ruby,AMETHYSTS,SEASHELLS,9995.0,6
1868,Valentina,Remy,AMETHYSTS,SEASHELLS,9995.0,1
1869,Amelia,Valentina,AMETHYSTS,SEASHELLS,10004.0,9
1869,Rhianna,Valentina,AMETHYSTS,SEASHELLS,10002.0,5
1869,Amelia,Vinnie,AMETHYSTS,SEASHELLS,10004.0,2
1873,Remy,Valentina,STARFRUIT,SEASHELLS,4959.0,1
1873,Valentina,Rhianna,AMETHYSTS,SEASHELLS,9998.0,2
1874,Ruby,Valentina,STARFRUIT,SEASHELLS,4961.0,13
1875,Adam,Remy,STARFRUIT,SEASHELLS,4955.0,1
1876,Amelia,Valentina,STARFRUIT,SEASHELLS,4961.0,15
1877,Remy,Vladimir,STARFRUIT,SEASHELLS,4960.0,1
1884,Valentina,Remy,STARFRUIT,SEASHELLS,4954.0,1
1887,Remy,Valentina,STARFRUIT,SEASHELLS,4958.0,1
1887,Remy,Valentina,AMETHYSTS,SEASHELLS,10002.0,1
1889,Remy,Valentina,STARFRUIT,SEASHELLS,4958.0,1
1890,Remy,Valentina,AMETHYSTS,SEASHELLS,10002.0,1
1893,Vladimir,Remy,STARFRUIT,SEASHELLS,4954.0,1
1895,Vinnie,Ruby,STARFRUIT,SEASHELLS,4954.0,2
1897,Remy,Valentina,STARFRUIT,SEASHELLS,4961.0,1
1897,Remy,Valentina,AMETHYSTS,SEASHELLS,10005.0,1
1898,Amelia,Valentina,STARFRUIT,SEASHELLS,4961.0,11
1899,Vladimir,Remy,AMETHYSTS,SEASHELLS,9998.0,1
1904,Ruby,Valentina,AMETHYSTS,SEASHELLS,10002.0,1
1904,Ruby,Vladimir,AMETHYSTS,SEASHELLS,10002.0,4
1913,Ruby,Valentina,STARFRUIT,SEASHELLS,4960.0,7
1915,Valentina,Remy,STARFRUIT,SEASHELLS,4953.0,2
1915,Valentina,Remy,AMETHYSTS,SEASHELLS,9995.0,2
1916,Valentina,Rhianna,AMETHYSTS,SEASHELLS,9998.0,3
1916,Valentina,Remy,STARFRUIT,SEASHELLS,4954.0,1
1919,Remy,Valentina,AMETHYSTS,SEASHELLS,10002.0,1
1931,Vinnie,Remy,STARFRUIT,SEASHELLS,4954.0,1
1934,Rhianna,Valentina,AMETHYSTS,SEASHELLS,10002.0,2
1936,Amelia,Valentina,STARFRUIT,SEASHELLS,4958.0,10
1936,Amelia,Remy,STARFRUIT,SEASHELLS,4958.0,2
1936,Valentina,Remy,AMETHYSTS,SEASHELLS,9995.0,2
1936,Amelia,Vladimir,STARFRUIT,SEASHELLS,4958.0,3
1946,Remy,Vladimir,STARFRUIT,SEASHELLS,4956.0,2
1946,Remy,Rhianna,AMETHYSTS,SEASHELLS,9998.0,2
1953,Ruby,Valentina,STARFRUIT,SEASHELLS,4958.0,11
1957,Remy,Valentina,AMETHYSTS,SEASHELLS,10002.0,1
1961,Valentina,Remy,STARFRUIT,SEASHELLS,4951.0,1
1964,Valentina,Remy,STARFRUIT,SEASHELLS,4952.0,1
1966,Vladimir,Remy,AMETHYSTS,SEASHELLS,9998.0,1
1966,Remy,Valentina,STARFRUIT,SEASHELLS,4956.0,1
1967,Vladimir,Remy,AMETHYSTS,SEASHELLS,9998.0,2
1967,Vladimir,Remy,STARFRUIT,SEASHELLS,4952.0,2
1968,Valentina,Rhianna,AMETHYSTS,SEASHELLS,9998.0,4
1968,Valentina,Rhianna,STARFRUIT,SEASHELLS,4952.0,5
1971,Valentina,Rhianna,AMETHYSTS,SEASHELLS,9998.0,4
1972,Remy,Valentina,AMETHYSTS,SEASHELLS,10002.0,1
1973,Remy,Vladimir,STARFRUIT,SEASHELLS,4954.0,1
1973,Remy,Vinnie,AMETHYSTS,SEASHELLS,10004.0,2
1973,Remy,Valentina,STARFRUIT,SEASHELLS,4954.0,1
1974,Valentina,Rhianna,AMETHYSTS,SEASHELLS,9998.0,4
1976,Valentina,Remy,AMETHYSTS,SEASHELLS,9998.0,1
1979,Valentina,Rhianna,AMETHYSTS,SEASHELLS,9998.0,5
1980,Remy,Vladimir,STARFRUIT,SEASHELLS,4954.0,1
1980,Remy,Vinnie,AMETHYSTS,SEASHELLS,10004.0,1
1981,Remy,Valentina,STARFRUIT,SEASHELLS,4954.0,1
1984,Valentina,Remy,STARFRUIT,SEASHELLS,4949.0,1
1984,Valentina,Vinnie,STARFRUIT,SEASHELLS,4952.0,2
1985,Valentina,Ruby,STARFRUIT,SEASHELLS,4949.0,11
1987,Valentina,Rhianna,AMETHYSTS,SEASHELLS,9998.0,5
1989,Remy,Valentina,STARFRUIT,SEASHELLS,4954.0,1
1990,Rhianna,Valentina,STARFRUIT,SEASHELLS,4955.0,14
1990,Vinnie,Remy,AMETHYSTS,SEASHELLS,9996.0,1
1990,Vladimir,Remy,STARFRUIT,SEASHELLS,4949.0,1
1990,Rhianna,Vinnie,STARFRUIT,SEASHELLS,4954.0,1
1994,Remy,Vladimir,AMETHYSTS,SEASHELLS,10002.0,2
1994,Remy,Valentina,STARFRUIT,SEASHELLS,4955.0,1
1994,Remy,Vinnie,STARFRUIT,SEASHELLS,4955.0,1
1995,Rhianna,Vladimir,STARFRUIT,SEASHELLS,4954.0,5
1999,Valentina,Remy,STARFRUIT,SEASHELLS,4950.0,1
2001,Vinnie,Ruby,AMETHYSTS,SEASHELLS,9996.0,1
2002,Rhianna,Vladimir,STARFRUIT,SEASHELLS,4956.0,3
2003,Vinnie,Remy,AMETHYSTS,SEASHELLS,9996.0,1
2003,Vinnie,Remy,STARFRUIT,SEASHELLS,4952.0,1
2003,Valentina,Remy,STARFRUIT,SEASHELLS,4952.0,1
2003,Valentina,Remy,AMETHYSTS,SEASHELLS,9996.0,1
2004,Ruby,Valentina,AMETHYSTS,SEASHELLS,10004.0,7
2004,Ruby,Vinnie,AMETHYSTS,SEASHELLS,10004.0,1
2005,Remy,Vinnie,AMETHYSTS,SEASHELLS,10004.0,2
2005,Remy,Valentina,STARFRUIT,SEASHELLS,4958.0,2
2006,Ruby,Remy,AMETHYSTS,SEASHELLS,10002.0,2
2006,Ruby,Vladimir,AMETHYSTS,SEASHELLS,10002.0,1
2006,Valentina,Remy,STARFRUIT,SEASHELLS,4952.0,2
2017,Valentina,Rhianna,AMETHYSTS,SEASHELLS,9998.0,1
2017,Vinnie,Ruby,AMETHYSTS,SEASHELLS,9996.0,2
2017,Valentina,Ruby,AMETHYSTS,SEASHELLS,9996.0,1
2019,Valentina,Remy,AMETHYSTS,SEASHELLS,9998.0,1
2023,Amelia,Valentina,STARFRUIT,SEASHELLS,4961.0,8
2024,Vladimir,Remy,STARFRUIT,SEASHELLS,4955.0,1
2028,Valentina,Remy,AMETHYSTS,SEASHELLS,9998.0,1
2029,Vinnie,Remy,AMETHYSTS,SEASHELLS,9996.0,1
2029,Valentina,Remy,STARFRUIT,SEASHELLS,4955.0,2
2036,Valentina,Rhianna,STARFRUIT,SEASHELLS,4957.0,2
2038,Valentina,Remy,AMETHYSTS,SEASHELLS,9998.0,1
2039,Remy,Rhianna,AMETHYSTS,SEASHELLS,9998.0,2
2039,Remy,Valentina,STARFRUIT,SEASHELLS,4962.0,2
2042,Remy,Vladimir,AMETHYSTS,SEASHELLS,10002.0,1
2042,Adam,Valentina,STARFRUIT,SEASHELLS,4961.0,4
2042,Adam,Rhianna,STARFRUIT,SEASHELLS,4958.0,4
2042,Amelia,Valentina,STARFRUIT,SEASHELLS,4963.0,11
2044,Remy,Vladimir,AMETHYSTS,SEASHELLS,10002.0,1
2046,Vinnie,Amelia,AMETHYSTS,SEASHELLS,10000.0,3
2048,Adam,Remy,AMETHYSTS,SEASHELLS,9998.0,1
2048,Adam,Rhianna,AMETHYSTS,SEASHELLS,9998.0,4
2048,Adam,Vladimir,AMETHYSTS,SEASHELLS,10002.0,6
2049,Remy,Valentina,STARFRUIT,SEASHELLS,4961.0,1
2052,Vinnie,Remy,STARFRUIT,SEASHELLS,4957.0,2
2052,Vinnie,Remy,AMETHYSTS,SEASHELLS,9996.0,2
2053,Remy,Valentina,STARFRUIT,SEASHELLS,4963.0,1
2053,Remy,Vinnie,AMETHYSTS,SEASHELLS,10004.0,1
2056,Valentina,Ruby,AMETHYSTS,SEASHELLS,9995.0,8
2059,Vladimir,Rhianna,AMETHYSTS,SEASHELLS,9998.0,1
2062,Valentina,Remy,AMETHYSTS,SEASHELLS,9998.0,1
2064,Valentina,Remy,AMETHYSTS,SEASHELLS,9995.0,1
2064,Valentina,Remy,STARFRUIT,SEASHELLS,4957.0,1
2066,Vinnie,Ruby,STARFRUIT,SEASHELLS,4957.0,1
2066,Vladimir,Ruby,STARFRUIT,SEASHELLS,4957.0,3
2071,Remy,Valentina,STARFRUIT,SEASHELLS,4964.0,2
2071,Remy,Valentina,AMETHYSTS,SEASHELLS,10005.0,2
2072,Valentina,Remy,STARFRUIT,SEASHELLS,4956.0,1
2073,Valentina,Remy,STARFRUIT,SEASHELLS,4956.0,1
2077,Remy,Valentina,STARFRUIT,SEASHELLS,4963.0,1
2078,Amelia,Rhianna,AMETHYSTS,SEASHELLS,9998.0,4
2080,Vladimir,Remy,STARFRUIT,SEASHELLS,4958.0,1
2081,Ruby,Valentina,STARFRUIT,SEASHELLS,4965.0,14
2082,Remy,Valentina,STARFRUIT,SEASHELLS,4963.0,1
2084,Valentina,Remy,STARFRUIT,SEASHELLS,4957.0,1
2085,Valentina,Remy,AMETHYSTS,SEASHELLS,9998.0,1
2090,Valentina,Rhianna,AMETHYSTS,SEASHELLS,9998.0,4
2093,Valentina,Remy,AMETHYSTS,SEASHELLS,9995.0,1
2093,Valentina,Remy,STARFRUIT,SEASHELLS,4958.0,1
2096,Valentina,Remy,STARFRUIT,SEASHELLS,4959.0,1
2097,Valentina,Rhianna,STARFRUIT,SEASHELLS,4960.0,5
2099,Vinnie,Remy,AMETHYSTS,SEASHELLS,9996.0,2
2099,Vinnie,Remy,STARFRUIT,SEASHELLS,4959.0,2
2100,Valentina,Vinnie,STARFRUIT,SEASHELLS,4961.0,3
2100,Valentina,Ruby,AMETHYSTS,SEASHELLS,9995.0,4
2100,Valentina,Remy,AMETHYSTS,SEASHELLS,9998.0,1
2102,Amelia,Valentina,STARFRUIT,SEASHELLS,4964.0,11
2104,Remy,Adam,AMETHYSTS,SEASHELLS,10002.0,1
2113,Remy,Valentina,STARFRUIT,SEASHELLS,4963.0,1
2125,Remy,Valentina,STARFRUIT,SEASHELLS,4964.0,1
2127,Vinnie,Ruby,AMETHYSTS,SEASHELLS,9996.0,2
2127,Vladimir,Remy,STARFRUIT,SEASHELLS,4959.0,1
2128,Rhianna,Valentina,AMETHYSTS,SEASHELLS,10002.0,3
2129,Valentina,Rhianna,AMETHYSTS,SEASHELLS,9998.0,5
2131,Vladimir,Rhianna,AMETHYSTS,SEASHELLS,9998.0,1
2131,Valentina,Rhianna,AMETHYSTS,SEASHELLS,9998.0,3
2134,Vladimir,Rhianna,AMETHYSTS,SEASHELLS,9998.0,2
2144,Amelia,Vinnie,AMETHYSTS,SEASHELLS,10004.0,2
2146,Vladimir,Remy,AMETHYSTS,SEASHELLS,9998.0,1
2147,Vladimir,Remy,STARFRUIT,SEASHELLS,4957.0,1
2148,Valentina,Vinnie,STARFRUIT,SEASHELLS,4959.0,3
2151,Remy,Valentina,AMETHYSTS,SEASHELLS,10005.0,2
2151,Remy,Valentina,STARFRUIT,SEASHELLS,4963.0,2
2152,Remy,Vinnie,AMETHYSTS,SEASHELLS,10002.0,1
2152,Valentina,Vinnie,STARFRUIT,SEASHELLS,4959.0,5
2154,Valentina,Vinnie,STARFRUIT,SEASHELLS,4958.0,3
2164,Valentina,Vinnie,STARFRUIT,SEASHELLS,4957.0,6
2165,Remy,Vladimir,AMETHYSTS,SEASHELLS,10002.0,1
2165,Valentina,Remy,STARFRUIT,SEASHELLS,4955.0,1
2167,Valentina,Remy,STARFRUIT,SEASHELLS,4955.0,1
2167,Valentina,Ruby,STARFRUIT,SEASHELLS,4955.0,8
2171,Remy,Rhianna,STARFRUIT,SEASHELLS,4956.0,1
2171,Valentina,Rhianna,STARFRUIT,SEASHELLS,4956.0,2
2171,Remy,Vinnie,AMETHYSTS,SEASHELLS,10004.0,1
2175,Remy,Valentina,AMETHYSTS,SEASHELLS,10002.0,1
2179,Vladimir,Remy,STARFRUIT,SEASHELLS,4958.0,1
2179,Vinnie,Remy,AMETHYSTS,SEASHELLS,9996.0,1
2181,Valentina,Remy,AMETHYSTS,SEASHELLS,9998.0,1
2184,Remy,Valentina,STARFRUIT,SEASHELLS,4964.0,1
2184,Remy,Valentina,AMETHYSTS,SEASHELLS,10005.0,1
2195,Remy,Ruby,STARFRUIT,SEASHELLS,4959.0,1
2199,Remy,Valentina,STARFRUIT,SEASHELLS,4958.0,1
2201,Remy,Remy,STARFRUIT,SEASHELLS,4958.0,1
2201,Vinnie,Remy,AMETHYSTS,SEASHELLS,9996.0,1
2203,Valentina,Remy,STARFRUIT,SEASHELLS,4952.0,2
2203,Remy,Remy,AMETHYSTS,SEASHELLS,10002.0,1
2208,Valentina,Remy,STARFRUIT,SEASHELLS,4954.0,1
2215,Remy,Valentina,STARFRUIT,SEASHELLS,4958.0,1
2217,Valentina,Remy,STARFRUIT,SEASHELLS,4953.0,1
2218,Valentina,Amelia,STARFRUIT,SEASHELLS,4953.0,12
2218,Valentina,Vinnie,STARFRUIT,SEASHELLS,4956.0,6
2225,Remy,Remy,AMETHYSTS,SEASHELLS,9998.0,1
2225,Remy,Vladimir,STARFRUIT,SEASHELLS,4959.0,2
2226,Rhianna,Remy,AMETHYSTS,SEASHELLS,10002.0,1
2229,Ruby,Valentina,AMETHYSTS,SEASHELLS,10005.0,8
2232,Rhianna,Valentina,AMETHYSTS,SEASHELLS,10002.0,1
2232,Valentina,Remy,STARFRUIT,SEASHELLS,4955.0,1
2234,Remy,Valentina,STARFRUIT,SEASHELLS,4960.0,1
2239,Rhianna,Valentina,AMETHYSTS,SEASHELLS,10002.0,3
2239,Amelia,Valentina,STARFRUIT,SEASHELLS,4960.0,15
2243,Remy,Vinnie,STARFRUIT,SEASHELLS,4959.0,2
2243,Remy,Vinnie,AMETHYSTS,SEASHELLS,10004.0,2
2245,Remy,Vinnie,AMETHYSTS,SEASHELLS,10004.0,1
2245,Remy,Valentina,STARFRUIT,SEASHELLS,4960.0,1
2246,Vladimir,Remy,STARFRUIT,SEASHELLS,4953.0,1
2248,Ruby,Valentina,AMETHYSTS,SEASHELLS,10005.0,7
2249,Valentina,Remy,STARFRUIT,SEASHELLS,4954.0,1
2250,Rhianna,Valentina,STARFRUIT,SEASHELLS,4958.0,4
2255,Valentina,Vinnie,STARFRUIT,SEASHELLS,4955.0,3
2258,Valentina,Remy,STARFRUIT,SEASHELLS,4953.0,1
2260,Valentina,Remy,AMETHYSTS,SEASHELLS,9995.0,2
2260,Vladimir,Remy,STARFRUIT,SEASHELLS,4953.0,2
2261,Remy,Valentina,AMETHYSTS,SEASHELLS,10005.0,1
2261,Remy,Valentina,STARFRUIT,SEASHELLS,4959.0,1
2263,Remy,Vladimir,AMETHYSTS,SEASHELLS,10002.0,1
2263,Adam,Valentina,STARFRUIT,SEASHELLS,4956.0,5
2263,Adam,Ruby,STARFRUIT,SEASHELLS,4956.0,5
2265,Remy,Valentina,AMETHYSTS,SEASHELLS,10002.0,1
2267,Valentina,Remy,STARFRUIT,SEASHELLS,4951.0,1
2268,Remy,Vinnie,STARFRUIT,SEASHELLS,4956.0,1
2268,Valentina,Vinnie,STARFRUIT,SEASHELLS,4953.0,4
2274,Vladimir,Rhianna,AMETHYSTS,SEASHELLS,9998.0,5
2275,Vladimir,Remy,STARFRUIT,SEASHELLS,4950.0,1
2276,Vladimir,Ruby,AMETHYSTS,SEASHELLS,9998.0,3
2276,Vladimir,Remy,AMETHYSTS,SEASHELLS,9998.0,1
2276,Valentina,Ruby,AMETHYSTS,SEASHELLS,9998.0,3
2276,Remy,Valentina,STARFRUIT,SEASHELLS,4955.0,1
2277,Remy,Vinnie,STARFRUIT,SEASHELLS,4956.0,1
2277,Remy,Vinnie,AMETHYSTS,SEASHELLS,10004.0,1
2277,Vladimir,Rhianna,AMETHYSTS,SEASHELLS,9998.0,4
2278,Valentina,Remy,STARFRUIT,SEASHELLS,4949.0,1
2279,Remy,Valentina,STARFRUIT,SEASHELLS,4954.0,1
2283,Vladimir,Rhianna,AMETHYSTS,SEASHELLS,9998.0,4
2287,Vladimir,Remy,AMETHYSTS,SEASHELLS,9998.0,1
2292,Ruby,Valentina,AMETHYSTS,SEASHELLS,10005.0,8
2296,Ruby,Vladimir,AMETHYSTS,SEASHELLS,10002.0,4
2300,Remy,Valentina,AMETHYSTS,SEASHELLS,10002.0,1
2304,Valentina,Remy,STARFRUIT,SEASHELLS,4951.0,1
2306,Vinnie,Remy,AMETHYSTS,SEASHELLS,9996.0,2
2306,Rhianna,Valentina,STARFRUIT,SEASHELLS,4954.0,2
2306,Remy,Vladimir,STARFRUIT,SEASHELLS,4955.0,1
2306,Rhianna,Remy,STARFRUIT,SEASHELLS,4954.0,2
2311,Remy,Valentina,STARFRUIT,SEASHELLS,4956.0,1
2325,Valentina,Remy,STARFRUIT,SEASHELLS,4953.0,1
2327,Valentina,Remy,STARFRUIT,SEASHELLS,4953.0,1
2327,Valentina,Rhianna,AMETHYSTS,SEASHELLS,9998.0,2
2330,Valentina,Rhianna,AMETHYSTS,SEASHELLS,9998.0,4
2331,Remy,Valentina,STARFRUIT,SEASHELLS,4960.0,1
2331,Remy,Vladimir,AMETHYSTS,SEASHELLS,10002.0,1
2332,Valentina,Rhianna,AMETHYSTS,SEASHELLS,9998.0,1
2335,Remy,Vladimir,AMETHYSTS,SEASHELLS,10002.0,1
2339,Valentina,Ruby,STARFRUIT,SEASHELLS,4953.0,4
2345,Vladimir,Remy,AMETHYSTS,SEASHELLS,9998.0,1
2345,Valentina,Remy,STARFRUIT,SEASHELLS,4954.0,1
2348,Valentina,Rhianna,AMETHYSTS,SEASHELLS,9998.0,1
2354,Valentina,Remy,AMETHYSTS,SEASHELLS,9998.0,1
2354,Remy,Valentina,STARFRUIT,SEASHELLS,4960.0,1
2357,Remy,Valentina,AMETHYSTS,SEASHELLS,10002.0,1
2361,Valentina,Amelia,AMETHYSTS,SEASHELLS,9995.0,12
2361,Valentina,Remy,AMETHYSTS,SEASHELLS,9998.0,1
2361,Valentina,Ruby,AMETHYSTS,SEASHELLS,9995.0,5
2364,Valentina,Remy,AMETHYSTS,SEASHELLS,9998.0,1
2364,Valentina,Remy,STARFRUIT,SEASHELLS,4956.0,2
2364,Vinnie,Remy,AMETHYSTS,SEASHELLS,9996.0,2
2365,Valentina,Ruby,AMETHYSTS,SEASHELLS,9995.0,2
2365,Valentina,Remy,STARFRUIT,SEASHELLS,4957.0,1
2365,Amelia,Valentina,STARFRUIT,SEASHELLS,4964.0,13
2366,Vinnie,Ruby,AMETHYSTS,SEASHELLS,10000.0,3
2367,Valentina,Remy,STARFRUIT,SEASHELLS,4957.0,1
2369,Valentina,Vinnie,STARFRUIT,SEASHELLS,4958.0,4
2370,Remy,Valentina,STARFRUIT,SEASHELLS,4962.0,1
2370,Remy,Valentina,AMETHYSTS,SEASHELLS,10005.0,1
2370,Ruby,Vinnie,AMETHYSTS,SEASHELLS,10004.0,1
2371,Valentina,Remy,AMETHYSTS,SEASHELLS,9998.0,1
2371,Valentina,Ruby,AMETHYSTS,SEASHELLS,9995.0,4
2372,Vinnie,Adam,STARFRUIT,SEASHELLS,4956.0,1
2377,Vladimir,Remy,STARFRUIT,SEASHELLS,4956.0,1
2379,Remy,Vinnie,AMETHYSTS,SEASHELLS,10004.0,1
2379,Remy,Vinnie,STARFRUIT,SEASHELLS,4961.0,1
2380,Remy,Vinnie,AMETHYSTS,SEASHELLS,10004.0,1
2380,Remy,Valentina,STARFRUIT,SEASHELLS,4962.0,1
2383,Amelia,Valentina,STARFRUIT,SEASHELLS,4961.0,13
2387,Valentina,Remy,STARFRUIT,SEASHELLS,4953.0,2
2387,Remy,Remy,AMETHYSTS,SEASHELLS,10002.0,1
2391,Vinnie,Remy,STARFRUIT,SEASHELLS,4953.0,1
2392,Remy,Valentina,STARFRUIT,SEASHELLS,4958.0,1
2393,Rhianna,Vladimir,STARFRUIT,SEASHELLS,4957.0,5
2394,Remy,Valentina,AMETHYSTS,SEASHELLS,10002.0,1
2398,Vladimir,Remy,AMETHYSTS,SEASHELLS,9998.0,1
2401,Vinnie,Remy,AMETHYSTS,SEASHELLS,9998.0,1
2407,Vladimir,Rhianna,AMETHYSTS,SEASHELLS,9998.0,1
2410,Valentina,Remy,STARFRUIT,SEASHELLS,4953.0,1
2412,Valentina,Remy,STARFRUIT,SEASHELLS,4954.0,1
2412,Amelia,Rhianna,AMETHYSTS,SEASHELLS,9998.0,3
2413,Vladimir,Adam,AMETHYSTS,SEASHELLS,9998.0,8
2413,Valentina,Adam,AMETHYSTS,SEASHELLS,9998.0,4
2414,Vinnie,Amelia,AMETHYSTS,SEASHELLS,9996.0,1
2414,Valentina,Amelia,AMETHYSTS,SEASHELLS,9996.0,9
2415,Valentina,Remy,STARFRUIT,SEASHELLS,4954.0,1
2416,Valentina,Vinnie,STARFRUIT,SEASHELLS,4957.0,2
2417,Remy,Valentina,STARFRUIT,SEASHELLS,4960.0,2
2417,Remy,Vladimir,AMETHYSTS,SEASHELLS,10002.0,2
2418,Rhianna,Remy,AMETHYSTS,SEASHELLS,10002.0,1
2422,Valentina,Remy,AMETHYSTS,SEASHELLS,9998.0,1
2423,Remy,Valentina,AMETHYSTS,SEASHELLS,10002.0,1
2424,Valentina,Amelia,STARFRUIT,SEASHELLS,4954.0,11
2426,Remy,Valentina,STARFRUIT,SEASHELLS,4958.0,1
2428,Ruby,Valentina,AMETHYSTS,SEASHELLS,10005.0,8
2429,Remy,Vladimir,STARFRUIT,SEASHELLS,4958.0,1
2431,Vinnie,Remy,STARFRUIT,SEASHELLS,4952.0,1
2432,Ruby,Valentina,AMETHYSTS,SEASHELLS,10005.0,4
2432,Valentina,Rhianna,STARFRUIT,SEASHELLS,4953.0,3
2433,Vladimir,Rhianna,AMETHYSTS,SEASHELLS,9998.0,3
2434,Remy,Remy,STARFRUIT,SEASHELLS,4957.0,1
2434,Vinnie,Remy,AMETHYSTS,SEASHELLS,9996.0,1
2436,Ruby,Valentina,STARFRUIT,SEASHELLS,4959.0,10
2436,Adam,Remy,STARFRUIT,SEASHELLS,4952.0,1
2436,Adam,Valentina,STARFRUIT,SEASHELLS,4957.0,6
2437,Vinnie,Remy,AMETHYSTS,SEASHELLS,9996.0,1
2437,Valentina,Remy,STARFRUIT,SEASHELLS,4952.0,2
2441,Valentina,Remy,AMETHYSTS,SEASHELLS,9998.0,1
2443,Valentina,Amelia,STARFRUIT,SEASHELLS,4952.0,8
2444,Valentina,Remy,AMETHYSTS,SEASHELLS,9998.0,1
2447,Remy,Valentina,STARFRUIT,SEASHELLS,4958.0,1
2449,Remy,Vinnie,AMETHYSTS,SEASHELLS,10002.0,1
2450,Amelia,Vladimir,AMETHYSTS,SEASHELLS,10002.0,8
2452,Valentina,Remy,STARFRUIT,SEASHELLS,4954.0,1
2453,Valentina,Amelia,STARFRUIT,SEASHELLS,4954.0,12
2461,Rhianna,Valentina,AMETHYSTS,SEASHELLS,10002.0,3
2462,Rhianna,Valentina,AMETHYSTS,SEASHELLS,10002.0,3
2467,Valentina,Rhianna,STARFRUIT,SEASHELLS,4957.0,4
2471,Valentina,Remy,AMETHYSTS,SEASHELLS,9998.0,1
2473,Vladimir,Remy,STARFRUIT,SEASHELLS,4956.0,1
2474,Remy,Vladimir,STARFRUIT,SEASHELLS,4961.0,1
2476,Vladimir,Rhianna,AMETHYSTS,SEASHELLS,9998.0,2
2476,Valentina,Remy,STARFRUIT,SEASHELLS,4957.0,1
2476,Vladimir,Ruby,AMETHYSTS,SEASHELLS,9998.0,1
2476,Valentina,Ruby,AMETHYSTS,SEASHELLS,9998.0,4
2477,Vladimir,Adam,AMETHYSTS,SEASHELLS,9998.0,6
2477,Vinnie,Remy,AMETHYSTS,SEASHELLS,9996.0,2
2477,Vladimir,Remy,STARFRUIT,SEASHELLS,4957.0,2
2479,Valentina,Amelia,AMETHYSTS,SEASHELLS,9996.0,9
2479,Vinnie,Amelia,AMETHYSTS,SEASHELLS,9996.0,1
2484,Valentina,Remy,STARFRUIT,SEASHELLS,4956.0,1
2484,Vinnie,Remy,AMETHYSTS,SEASHELLS,9996.0,1
2487,Valentina,Remy,AMETHYSTS,SEASHELLS,9998.0,1
2487,Valentina,Adam,STARFRUIT,SEASHELLS,4956.0,10
2490,Remy,Valentina,AMETHYSTS,SEASHELLS,10002.0,1
2493,Valentina,Remy,AMETHYSTS,SEASHELLS,9998.0,1
2494,Valentina,Remy,STARFRUIT,SEASHELLS,4956.0,1
2494,Vladimir,Remy,AMETHYSTS,SEASHELLS,9998.0,1
2498,Remy,Valentina,AMETHYSTS,SEASHELLS,10002.0,1
2499,Remy,Valentina,STARFRUIT,SEASHELLS,4960.0,1
2499,Remy,Valentina,AMETHYSTS,SEASHELLS,10002.0,1
2505,Remy,Valentina,AMETHYSTS,SEASHELLS,10005.0,2
2505,Rhianna,Valentina,AMETHYSTS,SEASHELLS,10002.0,1
2505,Remy,Valentina,STARFRUIT,SEASHELLS,4962.0,2
2506,Remy,Amelia,STARFRUIT,SEASHELLS,4960.0,1
2507,Vinnie,Rhianna,AMETHYSTS,SEASHELLS,9998.0,3
2511,Rhianna,Valentina,AMETHYSTS,SEASHELLS,10002.0,5
2513,Valentina,Remy,STARFRUIT,SEASHELLS,4954.0,1
2517,Vinnie,Ruby,AMETHYSTS,SEASHELLS,9996.0,2
2517,Valentina,Remy,AMETHYSTS,SEASHELLS,9998.0,1
2517,Valentina,Ruby,AMETHYSTS,SEASHELLS,9996.0,2
2519,Valentina,Adam,STARFRUIT,SEASHELLS,4955.0,8
2519,Valentina,Ruby,STARFRUIT,SEASHELLS,4954.0,15
2523,Ruby,Vladimir,AMETHYSTS,SEASHELLS,10002.0,5
2524,Valentina,Vinnie,STARFRUIT,SEASHELLS,4957.0,2
2528,Valentina,Remy,STARFRUIT,SEASHELLS,4956.0,2
2528,Vinnie,Remy,AMETHYSTS,SEASHELLS,9996.0,2
2535,Vinnie,Remy,STARFRUIT,SEASHELLS,4955.0,1
2535,Vinnie,Remy,AMETHYSTS,SEASHELLS,9996.0,1
2537,Valentina,Remy,STARFRUIT,SEASHELLS,4955.0,1
2538,Remy,Vladimir,AMETHYSTS,SEASHELLS,10002.0,1
2540,Remy,Valentina,STARFRUIT,SEASHELLS,4962.0,2
2540,Remy,Valentina,AMETHYSTS,SEASHELLS,10005.0,2
2544,Valentina,Vinnie,STARFRUIT,SEASHELLS,4958.0,3
2547,Remy,Valentina,STARFRUIT,SEASHELLS,4963.0,1
2547,Remy,Vinnie,AMETHYSTS,SEASHELLS,10004.0,1
2548,Remy,Valentina,AMETHYSTS,SEASHELLS,10002.0,1
2550,Valentina,Remy,STARFRUIT,SEASHELLS,4955.0,1
2551,Vinnie,Remy,AMETHYSTS,SEASHELLS,9996.0,1
2551,Vinnie,Remy,STARFRUIT,SEASHELLS,4956.0,1
2554,Valentina,Remy,STARFRUIT,SEASHELLS,4956.0,1
2560,Remy,Vladimir,STARFRUIT,SEASHELLS,4959.0,1
2561,Rhianna,Valentina,STARFRUIT,SEASHELLS,4958.0,4
2565,Ruby,Valentina,STARFRUIT,SEASHELLS,4960.0,6
2567,Ruby,Vladimir,STARFRUIT,SEASHELLS,4958.0,7
2569,Remy,Vladimir,STARFRUIT,SEASHELLS,4959.0,1
2570,Remy,Vladimir,AMETHYSTS,SEASHELLS,10002.0,1
2571,Remy,Valentina,STARFRUIT,SEASHELLS,4959.0,1
2576,Vinnie,Remy,AMETHYSTS,SEASHELLS,9996.0,1
2576,Valentina,Remy,STARFRUIT,SEASHELLS,4954.0,1
2580,Valentina,Remy,AMETHYSTS,SEASHELLS,9998.0,1
2582,Valentina,Remy,AMETHYSTS,SEASHELLS,9995.0,2
2582,Valentina,Remy,STARFRUIT,SEASHELLS,4953.0,2
2584,Ruby,Valentina,AMETHYSTS,SEASHELLS,10005.0,5
2584,Adam,Remy,STARFRUIT,SEASHELLS,4952.0,1
2593,Valentina,Remy,STARFRUIT,SEASHELLS,4953.0,1
2593,Vladimir,Remy,AMETHYSTS,SEASHELLS,9998.0,1
2595,Remy,Valentina,STARFRUIT,SEASHELLS,4957.0,1
2598,Vinnie,Adam,STARFRUIT,SEASHELLS,4951.0,2
2600,Remy,Vladimir,AMETHYSTS,SEASHELLS,10002.0,1
2602,Valentina,Remy,AMETHYSTS,SEASHELLS,9995.0,1
2602,Valentina,Remy,STARFRUIT,SEASHELLS,4951.0,1
2603,Remy,Valentina,AMETHYSTS,SEASHELLS,10002.0,1
2603,Valentina,Remy,STARFRUIT,SEASHELLS,4951.0,1
2606,Valentina,Remy,STARFRUIT,SEASHELLS,4951.0,1
2606,Ruby,Vinnie,AMETHYSTS,SEASHELLS,10004.0,1
2610,Remy,Vinnie,STARFRUIT,SEASHELLS,4956.0,1
2612,Remy,Vladimir,AMETHYSTS,SEASHELLS,10002.0,1
2613,Remy,Ruby,AMETHYSTS,SEASHELLS,10002.0,1
2615,Vladimir,Remy,STARFRUIT,SEASHELLS,4952.0,1
2615,Vladimir,Remy,AMETHYSTS,SEASHELLS,9998.0,1
2616,Remy,Valentina,AMETHYSTS,SEASHELLS,10002.0,1
2617,Ruby,Vladimir,STARFRUIT,SEASHELLS,4957.0,6
2618,Remy,Vladimir,STARFRUIT,SEASHELLS,4957.0,1
2619,Valentina,Remy,STARFRUIT,SEASHELLS,4952.0,1
2622,Remy,Valentina,AMETHYSTS,SEASHELLS,10005.0,2
2622,Remy,Valentina,STARFRUIT,SEASHELLS,4960.0,2
2624,Remy,Vladimir,AMETHYSTS,SEASHELLS,10002.0,1
2625,Valentina,Rhianna,AMETHYSTS,SEASHELLS,9998.0,2
2628,Adam,Valentina,STARFRUIT,SEASHELLS,4959.0,7
2628,Adam,Remy,STARFRUIT,SEASHELLS,4954.0,1
2629,Amelia,Valentina,STARFRUIT,SEASHELLS,4961.0,13
2629,Remy,Valentina,STARFRUIT,SEASHELLS,4959.0,1
2637,Valentina,Remy,STARFRUIT,SEASHELLS,4954.0,1
2638,Remy,Vladimir,AMETHYSTS,SEASHELLS,10002.0,1
2647,Valentina,Remy,AMETHYSTS,SEASHELLS,9998.0,1
2648,Remy,Vladimir,STARFRUIT,SEASHELLS,4958.0,1
2650,Valentina,Remy,AMETHYSTS,SEASHELLS,9998.0,1
2655,Valentina,Rhianna,STARFRUIT,SEASHELLS,4955.0,4
2657,Remy,Vladimir,STARFRUIT,SEASHELLS,4957.0,2
2657,Remy,Vinnie,AMETHYSTS,SEASHELLS,10004.0,2
2659,Vinnie,Remy,AMETHYSTS,SEASHELLS,10000.0,1
2659,Remy,Remy,STARFRUIT,SEASHELLS,4958.0,1
2660,Valentina,Remy,STARFRUIT,SEASHELLS,4953.0,1
2660,Vladimir,Rhianna,AMETHYSTS,SEASHELLS,9998.0,3
2663,Valentina,Remy,STARFRUIT,SEASHELLS,4953.0,1
2665,Remy,Valentina,STARFRUIT,SEASHELLS,4958.0,1
2667,Remy,Valentina,AMETHYSTS,SEASHELLS,10002.0,1
2668,Remy,Valentina,STARFRUIT,SEASHELLS,4960.0,1
2668,Remy,Vinnie,AMETHYSTS,SEASHELLS,10004.0,1
2670,Rhianna,Valentina,AMETHYSTS,SEASHELLS,10002.0,5
2670,Valentina,Ruby,STARFRUIT,SEASHELLS,4954.0,4
2670,Vladimir,Remy,STARFRUIT,SEASHELLS,4953.0,1
2670,Vladimir,Ruby,STARFRUIT,SEASHELLS,4954.0,4
2676,Remy,Valentina,AMETHYSTS,SEASHELLS,10002.0,1
2685,Valentina,Amelia,STARFRUIT,SEASHELLS,4955.0,9
2688,Ruby,Vinnie,AMETHYSTS,SEASHELLS,10004.0,2
2688,Amelia,Rhianna,STARFRUIT,SEASHELLS,4957.0,4
2690,Vinnie,Remy,AMETHYSTS,SEASHELLS,9996.0,1
2690,Valentina,Remy,AMETHYSTS,SEASHELLS,9996.0,1
2690,Valentina,Remy,STARFRUIT,SEASHELLS,4955.0,2
2692,Rhianna,Valentina,STARFRUIT,SEASHELLS,4959.0,2
2692,Remy,Valentina,STARFRUIT,SEASHELLS,4960.0,1
2692,Adam,Vladimir,AMETHYSTS,SEASHELLS,10002.0,8
2694,Valentina,Ruby,AMETHYSTS,SEASHELLS,9995.0,5
2697,Valentina,Remy,AMETHYSTS,SEASHELLS,9998.0,1
2698,Remy,Remy,STARFRUIT,SEASHELLS,4960.0,1
2698,Rhianna,Valentina,AMETHYSTS,SEASHELLS,10002.0,1
2698,Rhianna,Remy,AMETHYSTS,SEASHELLS,10002.0,2
2699,Remy,Valentina,STARFRUIT,SEASHELLS,4961.0,1
2701,Valentina,Remy,STARFRUIT,SEASHELLS,4956.0,1
2702,Vladimir,Remy,AMETHYSTS,SEASHELLS,9998.0,1
2703,Vinnie,Remy,STARFRUIT,SEASHELLS,4956.0,1
2704,Ruby,Valentina,AMETHYSTS,SEASHELLS,10005.0,5
2706,Remy,Vladimir,STARFRUIT,SEASHELLS,4961.0,1
2707,Valentina,Remy,STARFRUIT,SEASHELLS,4957.0,1
2709,Remy,Vinnie,AMETHYSTS,SEASHELLS,10004.0,2
2709,Remy,Valentina,STARFRUIT,SEASHELLS,4963.0,2
2716,Vladimir,Remy,AMETHYSTS,SEASHELLS,9998.0,1
2717,Adam,Vladimir,STARFRUIT,SEASHELLS,4961.0,4
2717,Adam,Remy,STARFRUIT,SEASHELLS,4956.0,1
2717,Adam,Valentina,STARFRUIT,SEASHELLS,4961.0,3
2718,Ruby,Vinnie,AMETHYSTS,SEASHELLS,10004.0,2
2721,Remy,Valentina,STARFRUIT,SEASHELLS,4962.0,1
2722,Vinnie,Remy,STARFRUIT,SEASHELLS,4957.0,1
2723,Rhianna,Valentina,AMETHYSTS,SEASHELLS,10002.0,2
2727,Valentina,Remy,AMETHYSTS,SEASHELLS,9998.0,1
2728,Ruby,Vinnie,AMETHYSTS,SEASHELLS,10004.0,1
2728,Remy,Vinnie,STARFRUIT,SEASHELLS,4964.0,1
2728,Remy,Valentina,AMETHYSTS,SEASHELLS,10005.0,2
2734,Vinnie,Amelia,AMETHYSTS,SEASHELLS,9996.0,2
2734,Valentina,Amelia,AMETHYSTS,SEASHELLS,9996.0,6
2742,Remy,Vladimir,STARFRUIT,SEASHELLS,4965.0,1
2748,Valentina,Adam,STARFRUIT,SEASHELLS,4960.0,9
2750,Remy,Valentina,STARFRUIT,SEASHELLS,4964.0,1
2756,Ruby,Remy,AMETHYSTS,SEASHELLS,9998.0,1
2765,Amelia,Remy,AMETHYSTS,SEASHELLS,9998.0,1
2768,Rhianna,Vladimir,STARFRUIT,SEASHELLS,4965.0,4
2769,Rhianna,Vladimir,STARFRUIT,SEASHELLS,4965.0,4
2770,Vinnie,Remy,AMETHYSTS,SEASHELLS,9996.0,2
2770,Valentina,Remy,STARFRUIT,SEASHELLS,4962.0,1
2770,Valentina,Remy,STARFRUIT,SEASHELLS,4961.0,2
2778,Valentina,Rhianna,STARFRUIT,SEASHELLS,4962.0,5
2780,Valentina,Vinnie,STARFRUIT,SEASHELLS,4963.0,4
2782,Vinnie,Remy,STARFRUIT,SEASHELLS,4961.0,1
2782,Valentina,Rhianna,AMETHYSTS,SEASHELLS,9998.0,3
2785,Vinnie,Amelia,AMETHYSTS,SEASHELLS,9996.0,1
2793,Valentina,Remy,STARFRUIT,SEASHELLS,4960.0,1
2794,Vinnie,Amelia,AMETHYSTS,SEASHELLS,9996.0,2
2794,Valentina,Remy,AMETHYSTS,SEASHELLS,9995.0,2
2794,Valentina,Remy,STARFRUIT,SEASHELLS,4960.0,2
2799,Valentina,Remy,STARFRUIT,SEASHELLS,4960.0,2
2799,Vinnie,Remy,AMETHYSTS,SEASHELLS,9996.0,1
2802,Vladimir,Rhianna,STARFRUIT,SEASHELLS,4960.0,2
2803,Vladimir,Remy,STARFRUIT,SEASHELLS,4960.0,1
2804,Remy,Vinnie,AMETHYSTS,SEASHELLS,10004.0,2
2804,Vladimir,Rhianna,STARFRUIT,SEASHELLS,4961.0,3
2804,Remy,Valentina,STARFRUIT,SEASHELLS,4966.0,2
2809,Vinnie,Ruby,AMETHYSTS,SEASHELLS,10000.0,2
2811,Rhianna,Valentina,AMETHYSTS,SEASHELLS,10002.0,5
2822,Vladimir,Remy,STARFRUIT,SEASHELLS,4961.0,1
2824,Rhianna,Vladimir,AMETHYSTS,SEASHELLS,10002.0,1
2825,Valentina,Ruby,AMETHYSTS,SEASHELLS,9995.0,2
2826,Ruby,Valentina,STARFRUIT,SEASHELLS,4968.0,13
2831,Valentina,Ruby,STARFRUIT,SEASHELLS,4961.0,6
2833,Remy,Valentina,STARFRUIT,SEASHELLS,4968.0,2
2833,Remy,Valentina,AMETHYSTS,SEASHELLS,10004.0,1
2833,Remy,Vinnie,AMETHYSTS,SEASHELLS,10004.0,1
2836,Remy,Valentina,AMETHYSTS,SEASHELLS,10002.0,1
2837,Valentina,Remy,AMETHYSTS,SEASHELLS,9998.0,1
2843,Vladimir,Remy,AMETHYSTS,SEASHELLS,9998.0,1
2845,Vinnie,Remy,STARFRUIT,SEASHELLS,4961.0,2
2845,Vinnie,Remy,AMETHYSTS,SEASHELLS,9996.0,2
2847,Vladimir,Remy,STARFRUIT,SEASHELLS,4960.0,1
2851,Vinnie,Remy,AMETHYSTS,SEASHELLS,9996.0,1
2851,Vinnie,Remy,STARFRUIT,SEASHELLS,4961.0,1
2852,Ruby,Valentina,STARFRUIT,SEASHELLS,4967.0,5
2857,Vinnie,Amelia,AMETHYSTS,SEASHELLS,9996.0,2
2857,Vinnie,Adam,STARFRUIT,SEASHELLS,4961.0,2
2860,Valentina,Vinnie,STARFRUIT,SEASHELLS,4963.0,4
2860,Remy,Vinnie,STARFRUIT,SEASHELLS,4963.0,2
2860,Remy,Remy,AMETHYSTS,SEASHELLS,9998.0,1
2865,Amelia,Valentina,STARFRUIT,SEASHELLS,4965.0,10
2869,Vladimir,Rhianna,STARFRUIT,SEASHELLS,4959.0,2
2870,Remy,Vladimir,STARFRUIT,SEASHELLS,4963.0,1
2881,Valentina,Remy,STARFRUIT,SEASHELLS,4958.0,1
2881,Rhianna,Valentina,AMETHYSTS,SEASHELLS,10002.0,4
2881,Rhianna,Remy,AMETHYSTS,SEASHELLS,10002.0,1
2886,Vinnie,Remy,STARFRUIT,SEASHELLS,4957.0,1
2886,Valentina,Rhianna,STARFRUIT,SEASHELLS,4958.0,4
2889,Remy,Vladimir,STARFRUIT,SEASHELLS,4960.0,1
2889,Remy,Vladimir,STARFRUIT,SEASHELLS,4961.0,1
2889,Remy,Vinnie,AMETHYSTS,SEASHELLS,10004.0,1
2894,Remy,Valentina,STARFRUIT,SEASHELLS,4961.0,1
2898,Amelia,Vinnie,AMETHYSTS,SEASHELLS,10004.0,2
2899,Rhianna,Valentina,STARFRUIT,SEASHELLS,4961.0,3
2902,Valentina,Remy,STARFRUIT,SEASHELLS,4957.0,1
2903,Remy,Remy,AMETHYSTS,SEASHELLS,9998.0,1
2903,Remy,Valentina,STARFRUIT,SEASHELLS,4963.0,1
2914,Valentina,Ruby,AMETHYSTS,SEASHELLS,9995.0,4
2914,Valentina,Remy,STARFRUIT,SEASHELLS,4960.0,1
2915,Valentina,Remy,AMETHYSTS,SEASHELLS,9998.0,1
2917,Valentina,Remy,STARFRUIT,SEASHELLS,4959.0,1
2917,Valentina,Remy,AMETHYSTS,SEASHELLS,9998.0,1
2922,Remy,Valentina,AMETHYSTS,SEASHELLS,10002.0,1
2923,Vinnie,Remy,AMETHYSTS,SEASHELLS,9996.0,2
2923,Valentina,Remy,STARFRUIT,SEASHELLS,4957.0,2
2924,Valentina,Rhianna,STARFRUIT,SEASHELLS,4959.0,3
2924,Remy,Valentina,AMETHYSTS,SEASHELLS,10002.0,1
2925,Rhianna,Valentina,AMETHYSTS,SEASHELLS,10002.0,3
2925,Rhianna,Vladimir,AMETHYSTS,SEASHELLS,10002.0,2
2928,Remy,Remy,AMETHYSTS,SEASHELLS,10002.0,1
2928,Vinnie,Remy,STARFRUIT,SEASHELLS,4958.0,1
2930,Vinnie,Remy,STARFRUIT,SEASHELLS,4958.0,1
2931,Vinnie,Remy,STARFRUIT,SEASHELLS,4958.0,1
2934,Vladimir,Remy,STARFRUIT,SEASHELLS,4958.0,1
2935,Adam,Vinnie,STARFRUIT,SEASHELLS,4963.0,2
2935,Adam,Vladimir,STARFRUIT,SEASHELLS,4963.0,5
2937,Remy,Valentina,AMETHYSTS,SEASHELLS,10002.0,1
2938,Rhianna,Valentina,STARFRUIT,SEASHELLS,4961.0,5
2942,Valentina,Vinnie,STARFRUIT,SEASHELLS,4959.0,5
2946,Valentina,Adam,STARFRUIT,SEASHELLS,4956.0,9
2947,Valentina,Amelia,STARFRUIT,SEASHELLS,4955.0,12
2949,Valentina,Remy,STARFRUIT,SEASHELLS,4955.0,1
2949,Valentina,Remy,AMETHYSTS,SEASHELLS,9995.0,1
2953,Valentina,Remy,STARFRUIT,SEASHELLS,4956.0,1
2957,Remy,Valentina,STARFRUIT,SEASHELLS,4963.0,2
2957,Remy,Vinnie,AMETHYSTS,SEASHELLS,10004.0,1
2958,Remy,Remy,AMETHYSTS,SEASHELLS,10002.0,1
2958,Valentina,Remy,STARFRUIT,SEASHELLS,4956.0,1
2962,Remy,Vladimir,AMETHYSTS,SEASHELLS,10002.0,1
2963,Remy,Valentina,STARFRUIT,SEASHELLS,4963.0,1
2964,Vladimir,Rhianna,AMETHYSTS,SEASHELLS,9998.0,5
2965,Valentina,Ruby,STARFRUIT,SEASHELLS,4958.0,10
2971,Remy,Vladimir,STARFRUIT,SEASHELLS,4964.0,1
2973,Ruby,Vinnie,AMETHYSTS,SEASHELLS,10004.0,2
2974,Remy,Vinnie,STARFRUIT,SEASHELLS,4968.0,1
2974,Valentina,Remy,STARFRUIT,SEASHELLS,4962.0,1
2974,Remy,Rhianna,AMETHYSTS,SEASHELLS,9998.0,2
2975,Valentina,Amelia,STARFRUIT,SEASHELLS,4961.0,11
2977,Remy,Vladimir,AMETHYSTS,SEASHELLS,10002.0,1
2978,Rhianna,Valentina,AMETHYSTS,SEASHELLS,10002.0,3
2981,Vinnie,Remy,STARFRUIT,SEASHELLS,4961.0,1
2981,Vladimir,Remy,AMETHYSTS,SEASHELLS,9998.0,2
2986,Valentina,Remy,STARFRUIT,SEASHELLS,4963.0,1
2988,Remy,Vladimir,STARFRUIT,SEASHELLS,4968.0,1
2989,Remy,Rhianna,STARFRUIT,SEASHELLS,4965.0,1
2989,Valentina,Rhianna,STARFRUIT,SEASHELLS,4965.0,1
2994,Valentina,Amelia,STARFRUIT,SEASHELLS,4961.0,11
2995,Valentina,Ruby,AMETHYSTS,SEASHELLS,9995.0,5
2996,Remy,Vladimir,STARFRUIT,SEASHELLS,4966.0,1
2997,Valentina,Vinnie,STARFRUIT,SEASHELLS,4964.0,2
2997,Remy,Vinnie,STARFRUIT,SEASHELLS,4966.0,1
3005,Valentina,Vinnie,STARFRUIT,SEASHELLS,4963.0,3
3008,Remy,Valentina,STARFRUIT,SEASHELLS,4967.0,1
3008,Remy,Valentina,AMETHYSTS,SEASHELLS,10005.0,1
3014,Remy,Vladimir,STARFRUIT,SEASHELLS,4965.0,2
3014,Remy,Valentina,AMETHYSTS,SEASHELLS,10005.0,2
3015,Remy,Valentina,AMETHYSTS,SEASHELLS,10002.0,1
3017,Valentina,Remy,STARFRUIT,SEASHELLS,4960.0,1
3018,Valentina,Rhianna,STARFRUIT,SEASHELLS,4961.0,3
3018,Valentina,Ruby,STARFRUIT,SEASHELLS,4960.0,11
3021,Remy,Vinnie,AMETHYSTS,SEASHELLS,10004.0,1
3021,Rhianna,Valentina,STARFRUIT,SEASHELLS,4964.0,2
3021,Remy,Valentina,STARFRUIT,SEASHELLS,4966.0,1
3021,Remy,Valentina,STARFRUIT,SEASHELLS,4965.0,1
3024,Vladimir,Rhianna,AMETHYSTS,SEASHELLS,9998.0,1
3024,Valentina,Rhianna,AMETHYSTS,SEASHELLS,9998.0,4
3025,Valentina,Remy,AMETHYSTS,SEASHELLS,9998.0,1
3025,Valentina,Rhianna,STARFRUIT,SEASHELLS,4960.0,5
3026,Valentina,Ruby,STARFRUIT,SEASHELLS,4959.0,7
3029,Vinnie,Remy,STARFRUIT,SEASHELLS,4960.0,1
3031,Remy,Remy,STARFRUIT,SEASHELLS,4960.0,1
3031,Remy,Valentina,AMETHYSTS,SEASHELLS,10005.0,2
3036,Valentina,Remy,STARFRUIT,SEASHELLS,4961.0,1
3036,Vladimir,Rhianna,AMETHYSTS,SEASHELLS,9998.0,5
3037,Valentina,Rhianna,STARFRUIT,SEASHELLS,4962.0,4
3037,Remy,Valentina,AMETHYSTS,SEASHELLS,10002.0,1
3039,Valentina,Adam,STARFRUIT,SEASHELLS,4962.0,3
3039,Vladimir,Adam,STARFRUIT,SEASHELLS,4962.0,2
3039,Vinnie,Adam,STARFRUIT,SEASHELLS,4962.0,2
3042,Valentina,Amelia,STARFRUIT,SEASHELLS,4961.0,8
3042,Valentina,Rhianna,STARFRUIT,SEASHELLS,4962.0,4
3048,Vladimir,Amelia,STARFRUIT,SEASHELLS,4960.0,5
3051,Vladimir,Remy,AMETHYSTS,SEASHELLS,9998.0,1
3057,Valentina,Vinnie,STARFRUIT,SEASHELLS,4961.0,5
3059,Rhianna,Vladimir,AMETHYSTS,SEASHELLS,10002.0,3
3062,Valentina,Ruby,STARFRUIT,SEASHELLS,4960.0,12
3063,Valentina,Remy,AMETHYSTS,SEASHELLS,9998.0,1
3067,Valentina,Rhianna,AMETHYSTS,SEASHELLS,9998.0,2
3074,Valentina,Remy,AMETHYSTS,SEASHELLS,9998.0,1
3075,Vladimir,Remy,STARFRUIT,SEASHELLS,4960.0,1
3079,Remy,Vinnie,AMETHYSTS,SEASHELLS,10004.0,1
3079,Remy,Vinnie,STARFRUIT,SEASHELLS,4966.0,1
3080,Remy,Valentina,AMETHYSTS,SEASHELLS,10002.0,1
3082,Vinnie,Remy,AMETHYSTS,SEASHELLS,9996.0,1
3082,Vladimir,Remy,STARFRUIT,SEASHELLS,4960.0,1
3083,Valentina,Remy,STARFRUIT,SEASHELLS,4960.0,1
3083,Remy,Valentina,AMETHYSTS,SEASHELLS,10002.0,1
3084,Vladimir,Rhianna,STARFRUIT,SEASHELLS,4960.0,2
3085,Valentina,Remy,STARFRUIT,SEASHELLS,4959.0,1
3086,Vinnie,Remy,STARFRUIT,SEASHELLS,4959.0,1
3096,Vladimir,Remy,AMETHYSTS,SEASHELLS,9998.0,2
3096,Valentina,Remy,STARFRUIT,SEASHELLS,4959.0,2
3098,Valentina,Remy,AMETHYSTS,SEASHELLS,9998.0,1
3103,Valentina,Vinnie,STARFRUIT,SEASHELLS,4961.0,2
3105,Ruby,Vinnie,STARFRUIT,SEASHELLS,4964.0,1
3106,Remy,Vladimir,AMETHYSTS,SEASHELLS,10002.0,1
3108,Remy,Valentina,STARFRUIT,SEASHELLS,4963.0,1
3109,Ruby,Vinnie,AMETHYSTS,SEASHELLS,10004.0,2
3115,Valentina,Amelia,STARFRUIT,SEASHELLS,4957.0,11
3117,Vladimir,Remy,STARFRUIT,SEASHELLS,4958.0,2
3117,Vinnie,Remy,AMETHYSTS,SEASHELLS,9996.0,2
3123,Vinnie,Remy,AMETHYSTS,SEASHELLS,9996.0,2
3123,Valentina,Remy,STARFRUIT,SEASHELLS,4957.0,2
3126,Amelia,Vinnie,AMETHYSTS,SEASHELLS,10004.0,2
3126,Amelia,Valentina,AMETHYSTS,SEASHELLS,10004.0,8
3131,Valentina,Remy,STARFRUIT,SEASHELLS,4957.0,1
3131,Valentina,Ruby,AMETHYSTS,SEASHELLS,9996.0,1
3131,Vinnie,Ruby,AMETHYSTS,SEASHELLS,9996.0,2
3132,Valentina,Remy,STARFRUIT,SEASHELLS,4957.0,1
3136,Ruby,Valentina,AMETHYSTS,SEASHELLS,10005.0,5
3137,Valentina,Rhianna,AMETHYSTS,SEASHELLS,9998.0,2
3137,Vladimir,Rhianna,AMETHYSTS,SEASHELLS,9998.0,2
3140,Rhianna,Vladimir,AMETHYSTS,SEASHELLS,10002.0,1
3141,Remy,Vladimir,AMETHYSTS,SEASHELLS,10002.0,1
3142,Amelia,Valentina,STARFRUIT,SEASHELLS,4961.0,11
3142,Rhianna,Valentina,STARFRUIT,SEASHELLS,4958.0,2
3147,Valentina,Remy,STARFRUIT,SEASHELLS,4955.0,2
3147,Remy,Remy,AMETHYSTS,SEASHELLS,10002.0,1
3153,Rhianna,Vladimir,AMETHYSTS,SEASHELLS,10002.0,5
3155,Amelia,Valentina,STARFRUIT,SEASHELLS,4962.0,12
3155,Amelia,Vladimir,STARFRUIT,SEASHELLS,4962.0,2
3155,Vladimir,Amelia,AMETHYSTS,SEASHELLS,9998.0,2
3158,Remy,Valentina,STARFRUIT,SEASHELLS,4964.0,1
3158,Remy,Vladimir,AMETHYSTS,SEASHELLS,10002.0,1
3162,Remy,Vinnie,AMETHYSTS,SEASHELLS,10004.0,2
3162,Remy,Vinnie,STARFRUIT,SEASHELLS,4964.0,2
3166,Remy,Valentina,STARFRUIT,SEASHELLS,4966.0,1
3166,Remy,Valentina,AMETHYSTS,SEASHELLS,10005.0,1
3168,Vladimir,Remy,STARFRUIT,SEASHELLS,4960.0,1
3169,Remy,Valentina,STARFRUIT,SEASHELLS,4965.0,1
3174,Valentina,Remy,STARFRUIT,SEASHELLS,4960.0,1
3177,Rhianna,Vladimir,AMETHYSTS,SEASHELLS,10002.0,1
3178,Valentina,Rhianna,AMETHYSTS,SEASHELLS,9998.0,3
3179,Remy,Vladimir,STARFRUIT,SEASHELLS,4964.0,1
3180,Valentina,Rhianna,AMETHYSTS,SEASHELLS,9998.0,1
3186,Rhianna,Adam,AMETHYSTS,SEASHELLS,10002.0,2
3187,Remy,Valentina,STARFRUIT,SEASHELLS,4966.0,1
3188,Adam,Rhianna,STARFRUIT,SEASHELLS,4962.0,3
3190,Valentina,Remy,AMETHYSTS,SEASHELLS,9998.0,1
3195,Valentina,Remy,STARFRUIT,SEASHELLS,4961.0,1
3196,Valentina,Vinnie,STARFRUIT,SEASHELLS,4964.0,5
3198,Remy,Vinnie,AMETHYSTS,SEASHELLS,10002.0,1
3201,Valentina,Remy,AMETHYSTS,SEASHELLS,9998.0,1
3203,Remy,Vinnie,AMETHYSTS,SEASHELLS,10004.0,1
3203,Remy,Valentina,STARFRUIT,SEASHELLS,4969.0,1
3205,Vinnie,Remy,STARFRUIT,SEASHELLS,4963.0,1
3209,Ruby,Valentina,AMETHYSTS,SEASHELLS,10005.0,3
3211,Valentina,Vinnie,STARFRUIT,SEASHELLS,4965.0,4
3213,Remy,Valentina,STARFRUIT,SEASHELLS,4968.0,2
3213,Remy,Vinnie,AMETHYSTS,SEASHELLS,10004.0,2
3216,Vladimir,Remy,STARFRUIT,SEASHELLS,4961.0,1
3218,Valentina,Remy,STARFRUIT,SEASHELLS,4960.0,1
3219,Vinnie,Remy,AMETHYSTS,SEASHELLS,9996.0,1
3219,Vinnie,Remy,STARFRUIT,SEASHELLS,4960.0,1
3220,Valentina,Remy,STARFRUIT,SEASHELLS,4960.0,1
3221,Valentina,Remy,STARFRUIT,SEASHELLS,4960.0,1
3229,Valentina,Remy,STARFRUIT,SEASHELLS,4960.0,1
3232,Amelia,Valentina,STARFRUIT,SEASHELLS,4966.0,15
3239,Valentina,Vinnie,STARFRUIT,SEASHELLS,4963.0,4
3241,Vladimir,Remy,AMETHYSTS,SEASHELLS,9998.0,2
3241,Valentina,Remy,STARFRUIT,SEASHELLS,4960.0,2
3242,Rhianna,Valentina,STARFRUIT,SEASHELLS,4965.0,5
3242,Valentina,Remy,AMETHYSTS,SEASHELLS,9998.0,1
3243,Remy,Valentina,STARFRUIT,SEASHELLS,4966.0,1
3246,Valentina,Ruby,AMETHYSTS,SEASHELLS,9995.0,6
3250,Ruby,Valentina,AMETHYSTS,SEASHELLS,10005.0,5
3251,Valentina,Remy,STARFRUIT,SEASHELLS,4961.0,1
3251,Vinnie,Remy,AMETHYSTS,SEASHELLS,9996.0,1
3255,Remy,Vladimir,STARFRUIT,SEASHELLS,4967.0,1
3260,Vinnie,Amelia,AMETHYSTS,SEASHELLS,9996.0,2
3262,Valentina,Remy,STARFRUIT,SEASHELLS,4963.0,1
3263,Vinnie,Remy,STARFRUIT,SEASHELLS,4964.0,1
3264,Remy,Valentina,STARFRUIT,SEASHELLS,4969.0,1
3266,Remy,Valentina,STARFRUIT,SEASHELLS,4969.0,1
3267,Remy,Vladimir,STARFRUIT,SEASHELLS,4969.0,1
3269,Remy,Vladimir,AMETHYSTS,SEASHELLS,10002.0,1
3269,Valentina,Remy,STARFRUIT,SEASHELLS,4964.0,1
3270,Valentina,Amelia,STARFRUIT,SEASHELLS,4963.0,15
3271,Rhianna,Valentina,AMETHYSTS,SEASHELLS,10002.0,2
3277,Vinnie,Remy,STARFRUIT,SEASHELLS,4966.0,1
3278,Valentina,Remy,STARFRUIT,SEASHELLS,4966.0,1
3278,Vinnie,Remy,AMETHYSTS,SEASHELLS,9996.0,1
3280,Adam,Valentina,STARFRUIT,SEASHELLS,4971.0,7
3284,Valentina,Rhianna,STARFRUIT,SEASHELLS,4968.0,2
3284,Valentina,Remy,STARFRUIT,SEASHELLS,4967.0,1
3286,Remy,Valentina,STARFRUIT,SEASHELLS,4972.0,1
3289,Valentina,Remy,STARFRUIT,SEASHELLS,4967.0,1
3290,Remy,Vladimir,STARFRUIT,SEASHELLS,4972.0,1
3291,Amelia,Valentina,AMETHYSTS,SEASHELLS,10005.0,10
3293,Vladimir,Remy,AMETHYSTS,SEASHELLS,9998.0,1
3297,Valentina,Remy,AMETHYSTS,SEASHELLS,9998.0,1
3298,Ruby,Vinnie,AMETHYSTS,SEASHELLS,10004.0,1
3298,Ruby,Valentina,AMETHYSTS,SEASHELLS,10004.0,3
3304,Vladimir,Remy,STARFRUIT,SEASHELLS,4968.0,1
3306,Valentina,Ruby,AMETHYSTS,SEASHELLS,9998.0,3
3306,Vladimir,Ruby,AMETHYSTS,SEASHELLS,9998.0,2
3311,Remy,Valentina,AMETHYSTS,SEASHELLS,10002.0,1
3312,Remy,Valentina,AMETHYSTS,SEASHELLS,10002.0,1
3313,Valentina,Remy,STARFRUIT,SEASHELLS,4969.0,1
3314,Valentina,Remy,AMETHYSTS,SEASHELLS,9998.0,1
3316,Rhianna,Valentina,STARFRUIT,SEASHELLS,4973.0,4
3317,Valentina,Remy,AMETHYSTS,SEASHELLS,9998.0,1
3318,Vinnie,Remy,AMETHYSTS,SEASHELLS,9998.0,1
3318,Vinnie,Remy,AMETHYSTS,SEASHELLS,10000.0,1
3318,Vinnie,Remy,STARFRUIT,SEASHELLS,4972.0,1
3322,Vladimir,Ruby,STARFRUIT,SEASHELLS,4969.0,8
3322,Valentina,Ruby,STARFRUIT,SEASHELLS,4969.0,2
3325,Remy,Valentina,AMETHYSTS,SEASHELLS,10002.0,1
3331,Remy,Vinnie,AMETHYSTS,SEASHELLS,10004.0,2
3331,Remy,Valentina,STARFRUIT,SEASHELLS,4976.0,2
3333,Valentina,Remy,STARFRUIT,SEASHELLS,4970.0,1
3335,Valentina,Amelia,AMETHYSTS,SEASHELLS,9995.0,9
3336,Ruby,Vinnie,STARFRUIT,SEASHELLS,4972.0,2
3339,Rhianna,Valentina,AMETHYSTS,SEASHELLS,10002.0,2
3341,Valentina,Remy,STARFRUIT,SEASHELLS,4971.0,1
3343,Vladimir,Remy,STARFRUIT,SEASHELLS,4970.0,1
3345,Valentina,Remy,STARFRUIT,SEASHELLS,4971.0,1
3350,Remy,Valentina,STARFRUIT,SEASHELLS,4976.0,1
3353,Valentina,Remy,AMETHYSTS,SEASHELLS,9998.0,1
3354,Remy,Vladimir,AMETHYSTS,SEASHELLS,10002.0,1
3355,Valentina,Ruby,STARFRUIT,SEASHELLS,4970.0,12
3356,Valentina,Vinnie,STARFRUIT,SEASHELLS,4974.0,6
3358,Valentina,Remy,AMETHYSTS,SEASHELLS,9998.0,1
3360,Valentina,Ruby,AMETHYSTS,SEASHELLS,9995.0,8
3362,Remy,Valentina,STARFRUIT,SEASHELLS,4979.0,1
3362,Remy,Rhianna,AMETHYSTS,SEASHELLS,9998.0,1
3364,Remy,Valentina,STARFRUIT,SEASHELLS,4977.0,1
3365,Vladimir,Rhianna,AMETHYSTS,SEASHELLS,9998.0,3
3366,Valentina,Remy,STARFRUIT,SEASHELLS,4972.0,2
3366,Vinnie,Remy,AMETHYSTS,SEASHELLS,9996.0,2
3367,Valentina,Remy,STARFRUIT,SEASHELLS,4972.0,1
3368,Vinnie,Ruby,AMETHYSTS,SEASHELLS,9996.0,1
3368,Valentina,Ruby,AMETHYSTS,SEASHELLS,9996.0,2
3368,Valentina,Remy,AMETHYSTS,SEASHELLS,9998.0,1
3369,Vladimir,Remy,STARFRUIT,SEASHELLS,4972.0,1
3371,Valentina,Remy,AMETHYSTS,SEASHELLS,9998.0,1
3372,Vladimir,Remy,AMETHYSTS,SEASHELLS,9998.0,2
3372,Rhianna,Remy,STARFRUIT,SEASHELLS,4975.0,2
3372,Vladimir,Ruby,AMETHYSTS,SEASHELLS,9998.0,2
3375,Rhianna,Valentina,AMETHYSTS,SEASHELLS,10002.0,5
3376,Vinnie,Remy,AMETHYSTS,SEASHELLS,9996.0,1
3376,Valentina,Remy,STARFRUIT,SEASHELLS,4971.0,1
3378,Valentina,Adam,STARFRUIT,SEASHELLS,4972.0,7
3379,Valentina,Remy,STARFRUIT,SEASHELLS,4972.0,1
3382,Valentina,Vinnie,STARFRUIT,SEASHELLS,4972.0,3
3383,Remy,Vinnie,AMETHYSTS,SEASHELLS,10004.0,1
3383,Vinnie,Remy,STARFRUIT,SEASHELLS,4969.0,1
3383,Remy,Vladimir,STARFRUIT,SEASHELLS,4973.0,1
3386,Remy,Vladimir,STARFRUIT,SEASHELLS,4973.0,1
3390,Valentina,Remy,AMETHYSTS,SEASHELLS,9998.0,1
3396,Remy,Valentina,STARFRUIT,SEASHELLS,4974.0,1
3399,Vladimir,Remy,AMETHYSTS,SEASHELLS,9998.0,1
3401,Remy,Valentina,STARFRUIT,SEASHELLS,4974.0,1
3405,Remy,Valentina,STARFRUIT,SEASHELLS,4974.0,1
3407,Valentina,Amelia,AMETHYSTS,SEASHELLS,9996.0,2
3407,Vinnie,Amelia,AMETHYSTS,SEASHELLS,9996.0,2
3407,Ruby,Amelia,AMETHYSTS,SEASHELLS,9996.0,8
3409,Valentina,Amelia,STARFRUIT,SEASHELLS,4970.0,11
3410,Amelia,Vinnie,AMETHYSTS,SEASHELLS,10004.0,2
3412,Valentina,Rhianna,STARFRUIT,SEASHELLS,4971.0,3
3412,Valentina,Ruby,AMETHYSTS,SEASHELLS,9996.0,1
3412,Vinnie,Ruby,AMETHYSTS,SEASHELLS,9996.0,1
3413,Remy,Valentina,STARFRUIT,SEASHELLS,4975.0,1
3413,Rhianna,Valentina,AMETHYSTS,SEASHELLS,10002.0,1
3414,Vladimir,Remy,AMETHYSTS,SEASHELLS,9998.0,1
3414,Valentina,Remy,STARFRUIT,SEASHELLS,4970.0,1
3415,Remy,Vladimir,STARFRUIT,SEASHELLS,4976.0,1
3419,Valentina,Remy,AMETHYSTS,SEASHELLS,9998.0,1
3421,Valentina,Remy,STARFRUIT,SEASHELLS,4971.0,1
3423,Valentina,Remy,STARFRUIT,SEASHELLS,4971.0,1
3426,Ruby,Adam,STARFRUIT,SEASHELLS,4971.0,7
3429,Remy,Valentina,STARFRUIT,SEASHELLS,4977.0,2
3429,Remy,Valentina,AMETHYSTS,SEASHELLS,10005.0,2
3437,Remy,Valentina,AMETHYSTS,SEASHELLS,10002.0,1
3437,Valentina,Remy,STARFRUIT,SEASHELLS,4973.0,1
3441,Remy,Amelia,AMETHYSTS,SEASHELLS,10002.0,1
3442,Vinnie,Ruby,AMETHYSTS,SEASHELLS,9996.0,2
3443,Remy,Valentina,AMETHYSTS,SEASHELLS,10002.0,1
3448,Remy,Valentina,STARFRUIT,SEASHELLS,4978.0,1
3451,Valentina,Remy,STARFRUIT,SEASHELLS,4974.0,1
3454,Vinnie,Remy,AMETHYSTS,SEASHELLS,9998.0,1
3455,Valentina,Remy,AMETHYSTS,SEASHELLS,9998.0,1
3455,Valentina,Rhianna,STARFRUIT,SEASHELLS,4974.0,2
3458,Valentina,Ruby,AMETHYSTS,SEASHELLS,9996.0,5
3458,Vinnie,Ruby,AMETHYSTS,SEASHELLS,9996.0,1
3459,Vladimir,Remy,STARFRUIT,SEASHELLS,4974.0,1
3462,Valentina,Ruby,AMETHYSTS,SEASHELLS,9996.0,6
3462,Vinnie,Ruby,AMETHYSTS,SEASHELLS,9996.0,1
3464,Remy,Vladimir,AMETHYSTS,SEASHELLS,10002.0,1
3466,Amelia,Vinnie,AMETHYSTS,SEASHELLS,10004.0,1
3471,Valentina,Remy,AMETHYSTS,SEASHELLS,9998.0,1
3475,Remy,Vladimir,AMETHYSTS,SEASHELLS,10002.0,2
3475,Remy,Vinnie,STARFRUIT,SEASHELLS,4979.0,1
3478,Vinnie,Remy,STARFRUIT,SEASHELLS,4973.0,1
3478,Amelia,Valentina,STARFRUIT,SEASHELLS,4979.0,8
3486,Remy,Vladimir,STARFRUIT,SEASHELLS,4979.0,1
3487,Valentina,Vinnie,STARFRUIT,SEASHELLS,4977.0,3
3488,Valentina,Remy,STARFRUIT,SEASHELLS,4975.0,1
3492,Valentina,Remy,STARFRUIT,SEASHELLS,4974.0,1
3494,Remy,Valentina,STARFRUIT,SEASHELLS,4980.0,1
3494,Ruby,Valentina,AMETHYSTS,SEASHELLS,10004.0,6
3494,Ruby,Vinnie,AMETHYSTS,SEASHELLS,10004.0,1
3495,Remy,Valentina,STARFRUIT,SEASHELLS,4980.0,1
3496,Vinnie,Remy,AMETHYSTS,SEASHELLS,9996.0,1
3496,Valentina,Remy,STARFRUIT,SEASHELLS,4975.0,1
3504,Valentina,Remy,STARFRUIT,SEASHELLS,4976.0,1
3504,Ruby,Valentina,AMETHYSTS,SEASHELLS,10002.0,3
3504,Ruby,Vladimir,AMETHYSTS,SEASHELLS,10002.0,3
3506,Amelia,Valentina,STARFRUIT,SEASHELLS,4981.0,9
3507,Valentina,Rhianna,AMETHYSTS,SEASHELLS,9998.0,5
3508,Vinnie,Remy,AMETHYSTS,SEASHELLS,9996.0,2
3508,Vinnie,Remy,STARFRUIT,SEASHELLS,4975.0,1
3508,Valentina,Remy,STARFRUIT,SEASHELLS,4975.0,1
3509,Remy,Valentina,AMETHYSTS,SEASHELLS,10002.0,1
3510,Remy,Valentina,STARFRUIT,SEASHELLS,4980.0,1
3510,Vladimir,Remy,AMETHYSTS,SEASHELLS,9998.0,1
3514,Remy,Valentina,AMETHYSTS,SEASHELLS,10005.0,2
3514,Remy,Valentina,STARFRUIT,SEASHELLS,4983.0,2
3515,Valentina,Remy,STARFRUIT,SEASHELLS,4976.0,1
3518,Ruby,Valentina,AMETHYSTS,SEASHELLS,10004.0,4
3518,Rhianna,Valentina,AMETHYSTS,SEASHELLS,10002.0,2
3518,Ruby,Vinnie,AMETHYSTS,SEASHELLS,10004.0,2
3522,Remy,Valentina,AMETHYSTS,SEASHELLS,10002.0,1
3528,Valentina,Remy,STARFRUIT,SEASHELLS,4977.0,1
3528,Valentina,Vinnie,STARFRUIT,SEASHELLS,4980.0,4
3529,Remy,Valentina,STARFRUIT,SEASHELLS,4982.0,1
3531,Vinnie,Remy,AMETHYSTS,SEASHELLS,9996.0,1
3531,Valentina,Remy,STARFRUIT,SEASHELLS,4977.0,1
3532,Rhianna,Valentina,AMETHYSTS,SEASHELLS,10002.0,0
3532,Adam,Valentina,AMETHYSTS,SEASHELLS,10002.0,1
3532,Rhianna,Vladimir,AMETHYSTS,SEASHELLS,10002.0,1
3532,Adam,Vladimir,AMETHYSTS,SEASHELLS,10002.0,6
3535,Ruby,Valentina,STARFRUIT,SEASHELLS,4982.0,13
3536,Valentina,Adam,STARFRUIT,SEASHELLS,4977.0,9
3536,Valentina,Remy,STARFRUIT,SEASHELLS,4976.0,2
3536,Valentina,Remy,AMETHYSTS,SEASHELLS,9995.0,2
3542,Remy,Vinnie,AMETHYSTS,SEASHELLS,10000.0,1
3542,Remy,Vinnie,STARFRUIT,SEASHELLS,4979.0,1
3543,Remy,Adam,STARFRUIT,SEASHELLS,4981.0,1
3543,Rhianna,Vladimir,AMETHYSTS,SEASHELLS,10002.0,3
3546,Rhianna,Valentina,STARFRUIT,SEASHELLS,4980.0,2
3546,Rhianna,Vladimir,STARFRUIT,SEASHELLS,4980.0,3
3547,Remy,Valentina,STARFRUIT,SEASHELLS,4981.0,1
3551,Vinnie,Remy,AMETHYSTS,SEASHELLS,9996.0,1
3551,Valentina,Remy,STARFRUIT,SEASHELLS,4974.0,2
3553,Remy,Vladimir,STARFRUIT,SEASHELLS,4979.0,1
3555,Valentina,Remy,AMETHYSTS,SEASHELLS,9998.0,1
3561,Valentina,Remy,STARFRUIT,SEASHELLS,4975.0,1
3566,Amelia,Valentina,AMETHYSTS,SEASHELLS,10004.0,11
3566,Amelia,Vinnie,AMETHYSTS,SEASHELLS,10004.0,1
3566,Valentina,Rhianna,STARFRUIT,SEASHELLS,4977.0,2
3566,Remy,Valentina,AMETHYSTS,SEASHELLS,10002.0,1
3568,Ruby,Valentina,STARFRUIT,SEASHELLS,4982.0,8
3572,Adam,Remy,STARFRUIT,SEASHELLS,4975.0,1
3572,Adam,Valentina,STARFRUIT,SEASHELLS,4979.0,6
3575,Valentina,Ruby,AMETHYSTS,SEASHELLS,9995.0,5
3577,Amelia,Vinnie,STARFRUIT,SEASHELLS,4980.0,2
3578,Ruby,Vinnie,STARFRUIT,SEASHELLS,4980.0,1
3580,Vinnie,Amelia,AMETHYSTS,SEASHELLS,9996.0,2
3584,Ruby,Vladimir,AMETHYSTS,SEASHELLS,10002.0,7
3585,Valentina,Remy,STARFRUIT,SEASHELLS,4975.0,1
3586,Valentina,Remy,STARFRUIT,SEASHELLS,4975.0,1
3586,Remy,Valentina,AMETHYSTS,SEASHELLS,10002.0,1
3593,Valentina,Ruby,AMETHYSTS,SEASHELLS,9995.0,6
3596,Remy,Valentina,AMETHYSTS,SEASHELLS,10002.0,1
3599,Vladimir,Remy,STARFRUIT,SEASHELLS,4976.0,1
3599,Vinnie,Remy,AMETHYSTS,SEASHELLS,9996.0,1
3600,Vladimir,Rhianna,AMETHYSTS,SEASHELLS,9998.0,1
3600,Ruby,Valentina,STARFRUIT,SEASHELLS,4983.0,11
3601,Vladimir,Remy,STARFRUIT,SEASHELLS,4977.0,1
3604,Remy,Valentina,AMETHYSTS,SEASHELLS,10002.0,1
3609,Vladimir,Rhianna,AMETHYSTS,SEASHELLS,9998.0,4
3613,Vladimir,Remy,STARFRUIT,SEASHELLS,4978.0,2
3613,Valentina,Remy,AMETHYSTS,SEASHELLS,9996.0,1
3613,Vinnie,Remy,AMETHYSTS,SEASHELLS,9996.0,1
3617,Remy,Valentina,STARFRUIT,SEASHELLS,4983.0,1
3618,Vinnie,Ruby,STARFRUIT,SEASHELLS,4981.0,4
3621,Valentina,Amelia,STARFRUIT,SEASHELLS,4978.0,9
3625,Remy,Vladimir,AMETHYSTS,SEASHELLS,10002.0,1
3627,Remy,Valentina,AMETHYSTS,SEASHELLS,10002.0,1
3628,Adam,Vladimir,AMETHYSTS,SEASHELLS,10002.0,5
3632,Ruby,Vinnie,AMETHYSTS,SEASHELLS,10004.0,1
3632,Ruby,Valentina,AMETHYSTS,SEASHELLS,10004.0,1
3633,Remy,Valentina,STARFRUIT,SEASHELLS,4984.0,1
3639,Valentina,Ruby,STARFRUIT,SEASHELLS,4979.0,14
3640,Remy,Valentina,AMETHYSTS,SEASHELLS,10002.0,1
3641,Remy,Valentina,STARFRUIT,SEASHELLS,4984.0,1
3646,Remy,Valentina,STARFRUIT,SEASHELLS,4984.0,1
3650,Vinnie,Remy,STARFRUIT,SEASHELLS,4978.0,1
3653,Remy,Remy,STARFRUIT,SEASHELLS,4983.0,1
3653,Vladimir,Ruby,AMETHYSTS,SEASHELLS,9998.0,5
3653,Vladimir,Remy,AMETHYSTS,SEASHELLS,9998.0,1
3659,Valentina,Rhianna,AMETHYSTS,SEASHELLS,9998.0,5
3659,Remy,Valentina,STARFRUIT,SEASHELLS,4982.0,1
3661,Valentina,Remy,AMETHYSTS,SEASHELLS,9998.0,1
3662,Vladimir,Remy,STARFRUIT,SEASHELLS,4978.0,1
3665,Rhianna,Remy,AMETHYSTS,SEASHELLS,10002.0,1
3665,Vinnie,Remy,STARFRUIT,SEASHELLS,4978.0,1
3667,Valentina,Remy,STARFRUIT,SEASHELLS,4978.0,1
3670,Valentina,Remy,STARFRUIT,SEASHELLS,4979.0,1
3670,Ruby,Vinnie,STARFRUIT,SEASHELLS,4985.0,2
3671,Valentina,Remy,STARFRUIT,SEASHELLS,4979.0,1
3672,Remy,Valentina,AMETHYSTS,SEASHELLS,10002.0,1
3680,Remy,Valentina,STARFRUIT,SEASHELLS,4986.0,2
3680,Remy,Valentina,AMETHYSTS,SEASHELLS,10005.0,2
3681,Rhianna,Vladimir,AMETHYSTS,SEASHELLS,10002.0,1
3681,Remy,Valentina,STARFRUIT,SEASHELLS,4985.0,1
3681,Remy,Vinnie,AMETHYSTS,SEASHELLS,10004.0,1
3685,Valentina,Rhianna,STARFRUIT,SEASHELLS,4980.0,5
3687,Valentina,Vinnie,STARFRUIT,SEASHELLS,4982.0,3
3687,Valentina,Remy,STARFRUIT,SEASHELLS,4980.0,1
3687,Valentina,Rhianna,AMETHYSTS,SEASHELLS,9998.0,2
3688,Remy,Vinnie,AMETHYSTS,SEASHELLS,10004.0,1
3688,Remy,Vladimir,STARFRUIT,SEASHELLS,4984.0,1
3690,Vladimir,Adam,STARFRUIT,SEASHELLS,4980.0,6
3691,Remy,Vinnie,AMETHYSTS,SEASHELLS,10004.0,1
3691,Remy,Valentina,STARFRUIT,SEASHELLS,4986.0,1
3693,Vinnie,Remy,STARFRUIT,SEASHELLS,4979.0,1
3697,Rhianna,Valentina,STARFRUIT,SEASHELLS,4983.0,2
3697,Rhianna,Valentina,AMETHYSTS,SEASHELLS,10002.0,4
3699,Remy,Valentina,STARFRUIT,SEASHELLS,4984.0,1
3707,Remy,Vladimir,AMETHYSTS,SEASHELLS,10002.0,1
3708,Vladimir,Remy,AMETHYSTS,SEASHELLS,9998.0,1
3709,Valentina,Remy,AMETHYSTS,SEASHELLS,9996.0,1
3709,Valentina,Remy,STARFRUIT,SEASHELLS,4980.0,2
3709,Vinnie,Remy,AMETHYSTS,SEASHELLS,9996.0,1
3709,Valentina,Remy,STARFRUIT,SEASHELLS,4980.0,1
3712,Valentina,Remy,AMETHYSTS,SEASHELLS,9998.0,1
3713,Remy,Valentina,STARFRUIT,SEASHELLS,4985.0,1
3714,Vladimir,Rhianna,AMETHYSTS,SEASHELLS,9998.0,5
3717,Valentina,Remy,STARFRUIT,SEASHELLS,4978.0,1
3719,Valentina,Rhianna,AMETHYSTS,SEASHELLS,9998.0,1
3722,Rhianna,Valentina,AMETHYSTS,SEASHELLS,10002.0,5
3726,Valentina,Rhianna,STARFRUIT,SEASHELLS,4980.0,3
3726,Valentina,Remy,STARFRUIT,SEASHELLS,4979.0,1
3727,Remy,Valentina,STARFRUIT,SEASHELLS,4986.0,2
3727,Remy,Vinnie,AMETHYSTS,SEASHELLS,10004.0,2
3729,Valentina,Remy,STARFRUIT,SEASHELLS,4980.0,1
3735,Valentina,Remy,AMETHYSTS,SEASHELLS,9995.0,1
3735,Valentina,Remy,STARFRUIT,SEASHELLS,4979.0,1
3738,Remy,Vinnie,STARFRUIT,SEASHELLS,4984.0,1
3738,Valentina,Vinnie,STARFRUIT,SEASHELLS,4981.0,4
3740,Rhianna,Valentina,AMETHYSTS,SEASHELLS,10002.0,4
3743,Vladimir,Remy,AMETHYSTS,SEASHELLS,9998.0,1
3743,Valentina,Remy,STARFRUIT,SEASHELLS,4977.0,1
3746,Valentina,Remy,AMETHYSTS,SEASHELLS,9998.0,1
3751,Rhianna,Valentina,STARFRUIT,SEASHELLS,4982.0,2
3752,Vladimir,Remy,STARFRUIT,SEASHELLS,4978.0,1
3753,Vinnie,Ruby,AMETHYSTS,SEASHELLS,9996.0,1
3754,Ruby,Vinnie,AMETHYSTS,SEASHELLS,10004.0,1
3755,Valentina,Remy,STARFRUIT,SEASHELLS,4979.0,1
3757,Valentina,Vinnie,STARFRUIT,SEASHELLS,4981.0,5
3759,Rhianna,Vladimir,AMETHYSTS,SEASHELLS,10002.0,2
3761,Rhianna,Valentina,AMETHYSTS,SEASHELLS,10002.0,5
3761,Remy,Valentina,STARFRUIT,SEASHELLS,4983.0,1
3763,Remy,Vinnie,AMETHYSTS,SEASHELLS,10004.0,2
3763,Remy,Valentina,STARFRUIT,SEASHELLS,4984.0,2
3764,Rhianna,Valentina,STARFRUIT,SEASHELLS,4982.0,3
3767,Ruby,Valentina,STARFRUIT,SEASHELLS,4984.0,8
3774,Vinnie,Ruby,AMETHYSTS,SEASHELLS,9996.0,2
3780,Vladimir,Remy,STARFRUIT,SEASHELLS,4977.0,1
3781,Valentina,Ruby,STARFRUIT,SEASHELLS,4976.0,8
3782,Valentina,Ruby,STARFRUIT,SEASHELLS,4976.0,8
3783,Valentina,Remy,AMETHYSTS,SEASHELLS,9998.0,1
3787,Rhianna,Valentina,AMETHYSTS,SEASHELLS,10002.0,4
3792,Valentina,Remy,STARFRUIT,SEASHELLS,4977.0,1
3793,Vladimir,Remy,STARFRUIT,SEASHELLS,4977.0,1
3796,Remy,Valentina,STARFRUIT,SEASHELLS,4982.0,1
3797,Valentina,Remy,STARFRUIT,SEASHELLS,4977.0,2
3797,Vinnie,Remy,AMETHYSTS,SEASHELLS,9996.0,1
3798,Remy,Vladimir,AMETHYSTS,SEASHELLS,10002.0,1
3798,Remy,Valentina,STARFRUIT,SEASHELLS,4984.0,1
3804,Valentina,Remy,STARFRUIT,SEASHELLS,4977.0,1
3807,Remy,Valentina,STARFRUIT,SEASHELLS,4983.0,1
3810,Ruby,Vinnie,AMETHYSTS,SEASHELLS,10004.0,2
3811,Vinnie,Ruby,STARFRUIT,SEASHELLS,4977.0,2
3812,Remy,Valentina,AMETHYSTS,SEASHELLS,10004.0,1
3812,Remy,Valentina,AMETHYSTS,SEASHELLS,10002.0,1
3812,Remy,Valentina,STARFRUIT,SEASHELLS,4983.0,2
3812,Remy,Vinnie,AMETHYSTS,SEASHELLS,10004.0,1
3815,Remy,Valentina,STARFRUIT,SEASHELLS,4981.0,1
3817,Remy,Valentina,AMETHYSTS,SEASHELLS,10002.0,1
3818,Valentina,Remy,STARFRUIT,SEASHELLS,4975.0,1
3822,Remy,Valentina,STARFRUIT,SEASHELLS,4981.0,1
3826,Valentina,Remy,STARFRUIT,SEASHELLS,4977.0,1
3830,Vladimir,Adam,STARFRUIT,SEASHELLS,4978.0,5
3830,Vinnie,Adam,STARFRUIT,SEASHELLS,4978.0,2
3832,Valentina,Remy,STARFRUIT,SEASHELLS,4978.0,1
3833,Remy,Valentina,STARFRUIT,SEASHELLS,4982.0,1
3833,Remy,Valentina,AMETHYSTS,SEASHELLS,10002.0,1
3836,Vinnie,Remy,AMETHYSTS,SEASHELLS,9996.0,1
3836,Valentina,Remy,STARFRUIT,SEASHELLS,4977.0,1
3838,Valentina,Remy,STARFRUIT,SEASHELLS,4978.0,1
3840,Vinnie,Ruby,AMETHYSTS,SEASHELLS,9996.0,2
3841,Adam,Rhianna,AMETHYSTS,SEASHELLS,9998.0,3
3842,Vinnie,Remy,AMETHYSTS,SEASHELLS,9996.0,1
3842,Valentina,Remy,STARFRUIT,SEASHELLS,4979.0,2
3845,Remy,Valentina,STARFRUIT,SEASHELLS,4985.0,1
3845,Remy,Valentina,AMETHYSTS,SEASHELLS,10002.0,1
3846,Vladimir,Remy,AMETHYSTS,SEASHELLS,9998.0,1
3847,Valentina,Ruby,STARFRUIT,SEASHELLS,4979.0,10
3854,Valentina,Remy,STARFRUIT,SEASHELLS,4978.0,1
3859,Valentina,Amelia,STARFRUIT,SEASHELLS,4978.0,13
3860,Valentina,Remy,AMETHYSTS,SEASHELLS,9998.0,1
3860,Remy,Valentina,STARFRUIT,SEASHELLS,4983.0,1
3865,Rhianna,Valentina,AMETHYSTS,SEASHELLS,10002.0,3
3865,Rhianna,Remy,AMETHYSTS,SEASHELLS,10002.0,1
3865,Remy,Vladimir,STARFRUIT,SEASHELLS,4983.0,1
3866,Vinnie,Remy,AMETHYSTS,SEASHELLS,9996.0,1
3866,Valentina,Remy,STARFRUIT,SEASHELLS,4977.0,1
3868,Rhianna,Valentina,STARFRUIT,SEASHELLS,4981.0,2
3876,Valentina,Remy,STARFRUIT,SEASHELLS,4976.0,1
3876,Valentina,Remy,AMETHYSTS,SEASHELLS,9998.0,1
3877,Valentina,Remy,AMETHYSTS,SEASHELLS,9995.0,2
3877,Remy,Remy,STARFRUIT,SEASHELLS,4981.0,1
3879,Remy,Valentina,STARFRUIT,SEASHELLS,4982.0,1
3879,Remy,Valentina,AMETHYSTS,SEASHELLS,10005.0,1
3885,Valentina,Rhianna,STARFRUIT,SEASHELLS,4977.0,2
