timestamp,buyer,seller,symbol,currency,price,quantity
0,Remy,Vinnie,ROSES,SEASHELLS,15001.0,3
0,Remy,Vinnie,CHOCOLATE,SEASHELLS,8001.0,8
2,Vinnie,Rhianna,ROSES,SEASHELLS,15000.0,3
5,Vinnie,Remy,STRAWBERRIES,SEASHELLS,3999.0,10
10,Ruby,Vinnie,GIFT_BASKET,SEASHELLS,71360.0,2
12,Remy,Vinnie,ROSES,SEASHELLS,14997.0,1
13,Vinnie,Vladimir,CHOCOLATE,SEASHELLS,8000.0,7
14,Vinnie,Remy,ROSES,SEASHELLS,14994.0,3
26,Remy,Vinnie,ROSES,SEASHELLS,14974.0,5
28,Remy,Vinnie,STRAWBERRIES,SEASHELLS,4001.0,10
31,Remy,Vinnie,ROSES,SEASHELLS,14961.0,5
32,Remy,Vinnie,STRAWBERRIES,SEASHELLS,4002.0,5
33,Remy,Vinnie,STRAWBERRIES,SEASHELLS,4001.0,8
35,Rhianna,Vinnie,GIFT_BASKET,SEASHELLS,71340.0,2
35,Remy,Vinnie,CHOCOLATE,SEASHELLS,8005.0,8
35,Vinnie,Vladimir,STRAWBERRIES,SEASHELLS,4000.0,7
37,Remy,Vinnie,ROSES,SEASHELLS,14955.0,4
38,Rhianna,Vinnie,GIFT_BASKET,SEASHELLS,71339.0,1
44,Vinnie,Remy,STRAWBERRIES,SEASHELLS,3999.0,9
46,Vinnie,Remy,STRAWBERRIES,SEASHELLS,4000.0,7
56,Vinnie,Vladimir,STRAWBERRIES,SEASHELLS,3998.0,8
58,Vinnie,Remy,CHOCOLATE,SEASHELLS,7995.0,6
58,Vinnie,Vladimir,CHOCOLATE,SEASHELLS,7995.0,10
58,Remy,Vinnie,STRAWBERRIES,SEASHELLS,4000.0,4
62,Vinnie,Remy,ROSES,SEASHELLS,14962.0,3
68,Vinnie,Remy,STRAWBERRIES,SEASHELLS,3999.0,7
72,Vinnie,Remy,STRAWBERRIES,SEASHELLS,3999.0,4
74,Vinnie,Vladimir,CHOCOLATE,SEASHELLS,7999.0,7
77,Remy,Vinnie,ROSES,SEASHELLS,14957.0,1
78,Vinnie,Remy,ROSES,SEASHELLS,14955.0,1
80,Remy,Vinnie,CHOCOLATE,SEASHELLS,8003.0,5
86,Remy,Vinnie,STRAWBERRIES,SEASHELLS,4003.0,4
90,Vinnie,Remy,ROSES,SEASHELLS,14957.0,5
93,Remy,Vinnie,ROSES,SEASHELLS,14959.0,4
94,Vinnie,Remy,ROSES,SEASHELLS,14961.0,2
95,Vinnie,Ruby,GIFT_BASKET,SEASHELLS,71386.0,1
97,Remy,Vinnie,ROSES,SEASHELLS,14960.0,5
97,Remy,Vinnie,STRAWBERRIES,SEASHELLS,4004.0,5
100,Vinnie,Vladimir,CHOCOLATE,SEASHELLS,8002.0,9
108,Remy,Vinnie,CHOCOLATE,SEASHELLS,8000.0,5
116,Remy,Vinnie,STRAWBERRIES,SEASHELLS,4001.0,9
117,Remy,Vinnie,ROSES,SEASHELLS,14949.0,2
122,Vinnie,Vladimir,STRAWBERRIES,SEASHELLS,4001.0,5
124,Vinnie,Vladimir,STRAWBERRIES,SEASHELLS,4001.0,9
126,Vinnie,Remy,CHOCOLATE,SEASHELLS,8005.0,5
127,Vinnie,Remy,CHOCOLATE,SEASHELLS,8004.0,6
127,Vinnie,Vladimir,ROSES,SEASHELLS,14933.0,4
130,Ruby,Vladimir,GIFT_BASKET,SEASHELLS,71400.0,9
131,Vinnie,Vladimir,CHOCOLATE,SEASHELLS,8007.0,10
136,Vinnie,Vladimir,CHOCOLATE,SEASHELLS,8007.0,10
137,Vinnie,Vladimir,CHOCOLATE,SEASHELLS,8006.0,7
138,Vinnie,Remy,CHOCOLATE,SEASHELLS,8006.0,7
139,Vinnie,Remy,ROSES,SEASHELLS,14934.0,4
139,Vladimir,Ruby,GIFT_BASKET,SEASHELLS,71382.0,9
142,Remy,Vinnie,STRAWBERRIES,SEASHELLS,3999.0,9
143,Rhianna,Vladimir,GIFT_BASKET,SEASHELLS,71405.0,5
144,Remy,Vinnie,STRAWBERRIES,SEASHELLS,4000.0,7
144,Vinnie,Remy,ROSES,SEASHELLS,14930.0,3
146,Remy,Vinnie,ROSES,SEASHELLS,14926.0,1
150,Remy,Vinnie,STRAWBERRIES,SEASHELLS,3999.0,6
150,Vinnie,Vladimir,STRAWBERRIES,SEASHELLS,3997.0,5
155,Vinnie,Remy,CHOCOLATE,SEASHELLS,8012.0,8
156,Vinnie,Vladimir,ROSES,SEASHELLS,14925.0,6
157,Vinnie,Remy,STRAWBERRIES,SEASHELLS,3996.0,7
157,Remy,Vinnie,CHOCOLATE,SEASHELLS,8014.0,7
158,Vinnie,Vladimir,STRAWBERRIES,SEASHELLS,3997.0,5
159,Vinnie,Vladimir,ROSES,SEASHELLS,14923.0,7
164,Vinnie,Remy,STRAWBERRIES,SEASHELLS,3997.0,9
167,Vinnie,Vladimir,CHOCOLATE,SEASHELLS,8010.0,7
169,Ruby,Vinnie,GIFT_BASKET,SEASHELLS,71391.0,1
171,Vinnie,Remy,CHOCOLATE,SEASHELLS,8010.0,6
173,Rhianna,Vladimir,GIFT_BASKET,SEASHELLS,71364.0,3
174,Remy,Vinnie,ROSES,SEASHELLS,14912.0,3
175,Vinnie,Vladimir,STRAWBERRIES,SEASHELLS,3998.0,6
176,Vladimir,Ruby,GIFT_BASKET,SEASHELLS,71338.0,6
180,Vinnie,Remy,ROSES,SEASHELLS,14907.0,3
183,Vinnie,Remy,CHOCOLATE,SEASHELLS,8007.0,5
184,Vinnie,Remy,ROSES,SEASHELLS,14906.0,1
188,Remy,Vinnie,STRAWBERRIES,SEASHELLS,3999.0,6
197,Vinnie,Remy,CHOCOLATE,SEASHELLS,8017.0,5
198,Vinnie,Remy,STRAWBERRIES,SEASHELLS,3999.0,9
200,Vinnie,Remy,CHOCOLATE,SEASHELLS,8016.0,6
200,Vinnie,Remy,STRAWBERRIES,SEASHELLS,3999.0,9
202,Vinnie,Remy,STRAWBERRIES,SEASHELLS,3999.0,9
205,Vinnie,Remy,ROSES,SEASHELLS,14931.0,3
208,Vinnie,Vladimir,CHOCOLATE,SEASHELLS,8019.0,9
210,Ruby,Vladimir,GIFT_BASKET,SEASHELLS,71400.0,10
211,Remy,Vinnie,ROSES,SEASHELLS,14927.0,2
215,Vinnie,Remy,CHOCOLATE,SEASHELLS,8019.0,7
216,Vinnie,Vladimir,ROSES,SEASHELLS,14919.0,4
218,Vladimir,Rhianna,GIFT_BASKET,SEASHELLS,71403.0,4
218,Vladimir,Ruby,GIFT_BASKET,SEASHELLS,71403.0,5
218,Vinnie,Rhianna,GIFT_BASKET,SEASHELLS,71404.0,1
225,Vinnie,Remy,ROSES,SEASHELLS,14905.0,3
225,Vladimir,Ruby,GIFT_BASKET,SEASHELLS,71364.0,9
234,Vladimir,Ruby,GIFT_BASKET,SEASHELLS,71386.0,6
236,Vinnie,Remy,ROSES,SEASHELLS,14898.0,4
238,Remy,Vinnie,ROSES,SEASHELLS,14901.0,3
241,Remy,Vinnie,ROSES,SEASHELLS,14896.0,2
241,Remy,Vinnie,CHOCOLATE,SEASHELLS,8031.0,7
253,Remy,Vinnie,CHOCOLATE,SEASHELLS,8032.0,8
254,Remy,Vinnie,STRAWBERRIES,SEASHELLS,4001.0,7
256,Remy,Vinnie,STRAWBERRIES,SEASHELLS,4001.0,9
257,Rhianna,Vinnie,GIFT_BASKET,SEASHELLS,71425.0,1
257,Remy,Vinnie,STRAWBERRIES,SEASHELLS,4002.0,5
260,Vinnie,Remy,CHOCOLATE,SEASHELLS,8031.0,6
264,Vinnie,Remy,STRAWBERRIES,SEASHELLS,4000.0,8
271,Vinnie,Remy,STRAWBERRIES,SEASHELLS,4001.0,8
274,Vinnie,Vladimir,CHOCOLATE,SEASHELLS,8030.0,7
277,Vinnie,Rhianna,GIFT_BASKET,SEASHELLS,71402.0,2
277,Vladimir,Rhianna,GIFT_BASKET,SEASHELLS,71402.0,4
280,Remy,Vinnie,CHOCOLATE,SEASHELLS,8031.0,8
285,Remy,Vinnie,CHOCOLATE,SEASHELLS,8031.0,8
286,Remy,Vinnie,ROSES,SEASHELLS,14878.0,2
291,Remy,Vinnie,STRAWBERRIES,SEASHELLS,4000.0,9
293,Remy,Vinnie,CHOCOLATE,SEASHELLS,8037.0,8
296,Vinnie,Vladimir,STRAWBERRIES,SEASHELLS,3998.0,7
297,Remy,Vinnie,STRAWBERRIES,SEASHELLS,4000.0,7
298,Vinnie,Remy,STRAWBERRIES,SEASHELLS,3998.0,10
299,Ruby,Vinnie,GIFT_BASKET,SEASHELLS,71402.0,1
300,Remy,Vinnie,STRAWBERRIES,SEASHELLS,3999.0,6
301,Ruby,Vladimir,GIFT_BASKET,SEASHELLS,71402.0,6
302,Remy,Vinnie,ROSES,SEASHELLS,14891.0,2
302,Remy,Vinnie,STRAWBERRIES,SEASHELLS,3999.0,6
304,Vinnie,Remy,STRAWBERRIES,SEASHELLS,3997.0,5
304,Vinnie,Remy,CHOCOLATE,SEASHELLS,8036.0,6
305,Vinnie,Remy,STRAWBERRIES,SEASHELLS,3997.0,4
311,Vinnie,Ruby,GIFT_BASKET,SEASHELLS,71426.0,1
316,Remy,Vinnie,CHOCOLATE,SEASHELLS,8040.0,7
318,Rhianna,Vladimir,GIFT_BASKET,SEASHELLS,71422.0,4
318,Remy,Vinnie,ROSES,SEASHELLS,14885.0,4
322,Vinnie,Vladimir,CHOCOLATE,SEASHELLS,8042.0,8
325,Remy,Vinnie,ROSES,SEASHELLS,14886.0,5
334,Vinnie,Remy,CHOCOLATE,SEASHELLS,8034.0,8
337,Vinnie,Remy,ROSES,SEASHELLS,14883.0,3
337,Remy,Vinnie,STRAWBERRIES,SEASHELLS,3998.0,6
338,Vinnie,Remy,STRAWBERRIES,SEASHELLS,3997.0,6
339,Vinnie,Vladimir,STRAWBERRIES,SEASHELLS,3996.0,5
340,Vinnie,Remy,ROSES,SEASHELLS,14888.0,1
345,Vinnie,Remy,STRAWBERRIES,SEASHELLS,3996.0,9
347,Vinnie,Remy,ROSES,SEASHELLS,14889.0,3
347,Vladimir,Ruby,GIFT_BASKET,SEASHELLS,71398.0,7
351,Vinnie,Vladimir,ROSES,SEASHELLS,14891.0,3
352,Remy,Vinnie,STRAWBERRIES,SEASHELLS,3997.0,6
354,Vinnie,Remy,ROSES,SEASHELLS,14890.0,2
354,Remy,Vinnie,STRAWBERRIES,SEASHELLS,3998.0,4
355,Vinnie,Remy,STRAWBERRIES,SEASHELLS,3996.0,6
356,Vinnie,Vladimir,STRAWBERRIES,SEASHELLS,3996.0,11
360,Remy,Vinnie,STRAWBERRIES,SEASHELLS,3997.0,7
361,Remy,Vinnie,CHOCOLATE,SEASHELLS,8038.0,5
367,Vinnie,Vladimir,CHOCOLATE,SEASHELLS,8037.0,8
369,Ruby,Vinnie,GIFT_BASKET,SEASHELLS,71390.0,2
369,Vinnie,Vladimir,CHOCOLATE,SEASHELLS,8036.0,9
369,Remy,Vinnie,STRAWBERRIES,SEASHELLS,3996.0,8
370,Remy,Vinnie,STRAWBERRIES,SEASHELLS,3996.0,6
383,Remy,Vinnie,CHOCOLATE,SEASHELLS,8042.0,8
385,Remy,Vinnie,STRAWBERRIES,SEASHELLS,3997.0,4
396,Vladimir,Rhianna,GIFT_BASKET,SEASHELLS,71411.0,4
399,Vinnie,Vladimir,ROSES,SEASHELLS,14878.0,6
399,Remy,Vinnie,CHOCOLATE,SEASHELLS,8036.0,5
400,Rhianna,Vladimir,GIFT_BASKET,SEASHELLS,71410.0,2
401,Ruby,Vladimir,GIFT_BASKET,SEASHELLS,71432.0,8
402,Vinnie,Vladimir,STRAWBERRIES,SEASHELLS,3999.0,11
404,Remy,Vinnie,STRAWBERRIES,SEASHELLS,4000.0,4
405,Remy,Vinnie,ROSES,SEASHELLS,14881.0,5
406,Remy,Vinnie,ROSES,SEASHELLS,14877.0,4
407,Vinnie,Ruby,GIFT_BASKET,SEASHELLS,71420.0,2
407,Remy,Vladimir,ROSES,SEASHELLS,14874.0,4
409,Remy,Vinnie,CHOCOLATE,SEASHELLS,8035.0,5
410,Remy,Vinnie,STRAWBERRIES,SEASHELLS,3999.0,5
412,Vinnie,Vladimir,ROSES,SEASHELLS,14877.0,9
415,Vladimir,Ruby,GIFT_BASKET,SEASHELLS,71429.0,6
416,Remy,Vinnie,STRAWBERRIES,SEASHELLS,3998.0,8
417,Vinnie,Vladimir,STRAWBERRIES,SEASHELLS,3997.0,4
418,Vinnie,Vladimir,STRAWBERRIES,SEASHELLS,3997.0,7
422,Vinnie,Remy,ROSES,SEASHELLS,14881.0,5
442,Vinnie,Remy,STRAWBERRIES,SEASHELLS,3994.0,9
443,Remy,Vinnie,ROSES,SEASHELLS,14863.0,3
444,Remy,Vinnie,CHOCOLATE,SEASHELLS,8039.0,7
446,Vinnie,Remy,CHOCOLATE,SEASHELLS,8038.0,6
449,Remy,Vinnie,CHOCOLATE,SEASHELLS,8039.0,7
450,Vladimir,Rhianna,GIFT_BASKET,SEASHELLS,71422.0,1
450,Vinnie,Rhianna,GIFT_BASKET,SEASHELLS,71423.0,1
461,Vinnie,Remy,CHOCOLATE,SEASHELLS,8051.0,8
462,Rhianna,Vladimir,GIFT_BASKET,SEASHELLS,71489.0,5
462,Vinnie,Remy,STRAWBERRIES,SEASHELLS,3994.0,4
462,Vinnie,Remy,ROSES,SEASHELLS,14854.0,5
465,Remy,Vinnie,CHOCOLATE,SEASHELLS,8051.0,6
470,Vinnie,Vladimir,ROSES,SEASHELLS,14840.0,9
473,Vinnie,Vladimir,CHOCOLATE,SEASHELLS,8046.0,10
474,Vinnie,Remy,ROSES,SEASHELLS,14835.0,2
479,Vinnie,Vladimir,CHOCOLATE,SEASHELLS,8048.0,7
481,Vinnie,Remy,CHOCOLATE,SEASHELLS,8046.0,6
484,Vladimir,Ruby,GIFT_BASKET,SEASHELLS,71438.0,10
485,Vinnie,Remy,STRAWBERRIES,SEASHELLS,3994.0,9
487,Remy,Vinnie,STRAWBERRIES,SEASHELLS,3995.0,6
489,Vinnie,Remy,CHOCOLATE,SEASHELLS,8046.0,8
490,Vinnie,Remy,ROSES,SEASHELLS,14824.0,5
491,Vinnie,Remy,ROSES,SEASHELLS,14826.0,4
495,Vinnie,Remy,STRAWBERRIES,SEASHELLS,3992.0,8
498,Remy,Vinnie,STRAWBERRIES,SEASHELLS,3994.0,4
499,Vinnie,Remy,CHOCOLATE,SEASHELLS,8046.0,7
500,Vinnie,Vladimir,CHOCOLATE,SEASHELLS,8046.0,4
502,Vinnie,Vladimir,STRAWBERRIES,SEASHELLS,3992.0,10
503,Vinnie,Vladimir,ROSES,SEASHELLS,14805.0,7
518,Vinnie,Remy,CHOCOLATE,SEASHELLS,8044.0,7
523,Vinnie,Remy,STRAWBERRIES,SEASHELLS,3990.0,6
529,Vinnie,Remy,CHOCOLATE,SEASHELLS,8037.0,7
533,Remy,Vinnie,ROSES,SEASHELLS,14793.0,1
534,Vinnie,Vladimir,STRAWBERRIES,SEASHELLS,3989.0,11
542,Vinnie,Remy,ROSES,SEASHELLS,14777.0,4
542,Vinnie,Rhianna,GIFT_BASKET,SEASHELLS,71248.0,1
542,Vladimir,Rhianna,GIFT_BASKET,SEASHELLS,71247.0,5
548,Vinnie,Remy,ROSES,SEASHELLS,14769.0,2
550,Remy,Vinnie,STRAWBERRIES,SEASHELLS,3989.0,5
552,Remy,Vinnie,CHOCOLATE,SEASHELLS,8032.0,8
557,Remy,Vinnie,ROSES,SEASHELLS,14765.0,3
560,Vinnie,Remy,CHOCOLATE,SEASHELLS,8029.0,8
564,Vladimir,Rhianna,GIFT_BASKET,SEASHELLS,71201.0,8
573,Vinnie,Remy,STRAWBERRIES,SEASHELLS,3987.0,8
574,Vinnie,Vladimir,STRAWBERRIES,SEASHELLS,3987.0,8
575,Vinnie,Rhianna,GIFT_BASKET,SEASHELLS,71205.0,4
575,Vinnie,Rhianna,GIFT_BASKET,SEASHELLS,71200.0,1
575,Vladimir,Rhianna,GIFT_BASKET,SEASHELLS,71199.0,2
576,Vladimir,Rhianna,GIFT_BASKET,SEASHELLS,71201.0,6
578,Vinnie,Remy,ROSES,SEASHELLS,14753.0,1
579,Remy,Vinnie,CHOCOLATE,SEASHELLS,8033.0,7
579,Vinnie,Remy,ROSES,SEASHELLS,14756.0,5
580,Vinnie,Remy,ROSES,SEASHELLS,14755.0,5
581,Vladimir,Rhianna,GIFT_BASKET,SEASHELLS,71195.0,6
581,Vinnie,Rhianna,GIFT_BASKET,SEASHELLS,71196.0,1
582,Remy,Vinnie,ROSES,SEASHELLS,14762.0,5
585,Remy,Vinnie,CHOCOLATE,SEASHELLS,8034.0,6
586,Remy,Vinnie,STRAWBERRIES,SEASHELLS,3989.0,9
588,Remy,Vinnie,STRAWBERRIES,SEASHELLS,3990.0,4
589,Ruby,Vladimir,GIFT_BASKET,SEASHELLS,71207.0,5
589,Vinnie,Vladimir,STRAWBERRIES,SEASHELLS,3989.0,9
591,Vinnie,Remy,CHOCOLATE,SEASHELLS,8032.0,5
593,Remy,Vinnie,ROSES,SEASHELLS,14763.0,3
596,Vinnie,Remy,STRAWBERRIES,SEASHELLS,3990.0,10
598,Remy,Vinnie,STRAWBERRIES,SEASHELLS,3991.0,10
607,Vinnie,Remy,STRAWBERRIES,SEASHELLS,3991.0,4
614,Ruby,Vinnie,GIFT_BASKET,SEASHELLS,71240.0,2
615,Vinnie,Remy,CHOCOLATE,SEASHELLS,8038.0,8
616,Remy,Vinnie,STRAWBERRIES,SEASHELLS,3991.0,6
621,Vinnie,Vladimir,STRAWBERRIES,SEASHELLS,3991.0,10
624,Ruby,Vladimir,GIFT_BASKET,SEASHELLS,71284.0,9
626,Vinnie,Vladimir,CHOCOLATE,SEASHELLS,8037.0,9
626,Vinnie,Remy,ROSES,SEASHELLS,14757.0,5
628,Vinnie,Remy,ROSES,SEASHELLS,14765.0,4
628,Vinnie,Vladimir,STRAWBERRIES,SEASHELLS,3991.0,4
635,Vinnie,Remy,STRAWBERRIES,SEASHELLS,3989.0,4
638,Vinnie,Rhianna,GIFT_BASKET,SEASHELLS,71298.0,2
641,Remy,Vinnie,CHOCOLATE,SEASHELLS,8041.0,8
645,Vinnie,Remy,ROSES,SEASHELLS,14765.0,2
646,Vinnie,Remy,STRAWBERRIES,SEASHELLS,3987.0,10
652,Vinnie,Remy,CHOCOLATE,SEASHELLS,8035.0,7
654,Vinnie,Remy,ROSES,SEASHELLS,14767.0,5
655,Remy,Vinnie,CHOCOLATE,SEASHELLS,8033.0,5
659,Vinnie,Vladimir,CHOCOLATE,SEASHELLS,8032.0,4
661,Vinnie,Remy,STRAWBERRIES,SEASHELLS,3986.0,7
665,Vinnie,Rhianna,GIFT_BASKET,SEASHELLS,71293.0,2
665,Remy,Vinnie,CHOCOLATE,SEASHELLS,8033.0,7
665,Vladimir,Rhianna,GIFT_BASKET,SEASHELLS,71292.0,6
666,Vinnie,Vladimir,STRAWBERRIES,SEASHELLS,3987.0,9
667,Ruby,Vladimir,GIFT_BASKET,SEASHELLS,71295.0,5
671,Vinnie,Remy,CHOCOLATE,SEASHELLS,8029.0,8
671,Vinnie,Rhianna,GIFT_BASKET,SEASHELLS,71282.0,1
671,Remy,Vinnie,STRAWBERRIES,SEASHELLS,3988.0,7
681,Remy,Vinnie,CHOCOLATE,SEASHELLS,8026.0,8
682,Vinnie,Rhianna,GIFT_BASKET,SEASHELLS,71256.0,2
682,Vladimir,Rhianna,GIFT_BASKET,SEASHELLS,71255.0,4
685,Vinnie,Vladimir,STRAWBERRIES,SEASHELLS,3987.0,6
686,Remy,Vinnie,ROSES,SEASHELLS,14768.0,2
687,Vinnie,Vladimir,CHOCOLATE,SEASHELLS,8029.0,4
690,Vinnie,Remy,STRAWBERRIES,SEASHELLS,3986.0,4
692,Remy,Vinnie,ROSES,SEASHELLS,14770.0,4
696,Vinnie,Rhianna,GIFT_BASKET,SEASHELLS,71295.0,1
696,Vladimir,Rhianna,GIFT_BASKET,SEASHELLS,71294.0,4
696,Vinnie,Remy,ROSES,SEASHELLS,14767.0,2
697,Vinnie,Vladimir,STRAWBERRIES,SEASHELLS,3987.0,11
700,Vinnie,Remy,STRAWBERRIES,SEASHELLS,3987.0,8
702,Vinnie,Remy,CHOCOLATE,SEASHELLS,8034.0,6
706,Remy,Vinnie,ROSES,SEASHELLS,14782.0,2
710,Vinnie,Vladimir,STRAWBERRIES,SEASHELLS,3988.0,8
712,Vinnie,Remy,STRAWBERRIES,SEASHELLS,3987.0,8
714,Remy,Vinnie,CHOCOLATE,SEASHELLS,8031.0,7
715,Vinnie,Vladimir,CHOCOLATE,SEASHELLS,8029.0,7
717,Vinnie,Remy,CHOCOLATE,SEASHELLS,8027.0,7
722,Remy,Vinnie,STRAWBERRIES,SEASHELLS,3990.0,10
724,Ruby,Vladimir,GIFT_BASKET,SEASHELLS,71265.0,9
727,Vinnie,Remy,STRAWBERRIES,SEASHELLS,3987.0,5
728,Vladimir,Rhianna,GIFT_BASKET,SEASHELLS,71240.0,2
729,Remy,Vinnie,ROSES,SEASHELLS,14785.0,3
732,Remy,Vinnie,ROSES,SEASHELLS,14778.0,1
736,Vinnie,Remy,ROSES,SEASHELLS,14768.0,3
748,Rhianna,Vinnie,GIFT_BASKET,SEASHELLS,71271.0,2
748,Rhianna,Vladimir,GIFT_BASKET,SEASHELLS,71271.0,4
750,Remy,Vinnie,ROSES,SEASHELLS,14779.0,4
751,Vinnie,Remy,ROSES,SEASHELLS,14777.0,2
752,Remy,Vinnie,CHOCOLATE,SEASHELLS,8034.0,7
754,Remy,Vinnie,CHOCOLATE,SEASHELLS,8033.0,8
760,Vinnie,Vladimir,STRAWBERRIES,SEASHELLS,3986.0,10
767,Vinnie,Remy,ROSES,SEASHELLS,14779.0,3
768,Vinnie,Remy,ROSES,SEASHELLS,14780.0,4
770,Vinnie,Remy,STRAWBERRIES,SEASHELLS,3986.0,8
771,Remy,Vinnie,CHOCOLATE,SEASHELLS,8032.0,6
775,Vladimir,Rhianna,GIFT_BASKET,SEASHELLS,71212.0,4
775,Vinnie,Rhianna,GIFT_BASKET,SEASHELLS,71213.0,2
775,Remy,Vinnie,CHOCOLATE,SEASHELLS,8031.0,8
777,Vinnie,Remy,ROSES,SEASHELLS,14778.0,1
780,Remy,Vinnie,CHOCOLATE,SEASHELLS,8030.0,8
781,Vinnie,Remy,STRAWBERRIES,SEASHELLS,3985.0,9
789,Remy,Vinnie,ROSES,SEASHELLS,14766.0,3
789,Vinnie,Vladimir,STRAWBERRIES,SEASHELLS,3986.0,10
797,Rhianna,Vinnie,GIFT_BASKET,SEASHELLS,71178.0,2
800,Vinnie,Vladimir,ROSES,SEASHELLS,14752.0,11
804,Vinnie,Remy,STRAWBERRIES,SEASHELLS,3986.0,6
805,Vinnie,Vladimir,STRAWBERRIES,SEASHELLS,3986.0,4
807,Vinnie,Remy,ROSES,SEASHELLS,14760.0,3
808,Remy,Vinnie,ROSES,SEASHELLS,14763.0,4
809,Remy,Vinnie,STRAWBERRIES,SEASHELLS,3986.0,8
813,Remy,Vinnie,CHOCOLATE,SEASHELLS,8024.0,5
815,Remy,Vinnie,CHOCOLATE,SEASHELLS,8023.0,8
824,Vinnie,Vladimir,STRAWBERRIES,SEASHELLS,3984.0,11
827,Vinnie,Remy,CHOCOLATE,SEASHELLS,8019.0,6
828,Remy,Vinnie,ROSES,SEASHELLS,14750.0,5
835,Vinnie,Vladimir,STRAWBERRIES,SEASHELLS,3984.0,3
838,Vladimir,Ruby,GIFT_BASKET,SEASHELLS,71161.0,10
838,Vinnie,Vladimir,CHOCOLATE,SEASHELLS,8025.0,10
846,Remy,Vinnie,ROSES,SEASHELLS,14724.0,2
855,Remy,Vinnie,STRAWBERRIES,SEASHELLS,3984.0,6
855,Remy,Vinnie,ROSES,SEASHELLS,14724.0,5
859,Remy,Vinnie,STRAWBERRIES,SEASHELLS,3984.0,5
860,Vinnie,Ruby,GIFT_BASKET,SEASHELLS,71109.0,1
861,Vinnie,Vladimir,CHOCOLATE,SEASHELLS,8026.0,6
862,Vinnie,Remy,ROSES,SEASHELLS,14733.0,4
871,Vinnie,Remy,ROSES,SEASHELLS,14730.0,3
873,Vinnie,Vladimir,STRAWBERRIES,SEASHELLS,3983.0,3
873,Vinnie,Vladimir,CHOCOLATE,SEASHELLS,8024.0,9
873,Remy,Vinnie,ROSES,SEASHELLS,14736.0,2
875,Remy,Vinnie,CHOCOLATE,SEASHELLS,8026.0,7
876,Vinnie,Vladimir,STRAWBERRIES,SEASHELLS,3984.0,10
879,Vinnie,Remy,ROSES,SEASHELLS,14745.0,1
885,Remy,Vinnie,ROSES,SEASHELLS,14750.0,2
886,Ruby,Vinnie,GIFT_BASKET,SEASHELLS,71126.0,1
890,Vinnie,Remy,ROSES,SEASHELLS,14750.0,1
891,Vinnie,Remy,ROSES,SEASHELLS,14750.0,1
895,Vinnie,Remy,CHOCOLATE,SEASHELLS,8023.0,8
896,Vinnie,Remy,ROSES,SEASHELLS,14746.0,1
902,Remy,Vinnie,STRAWBERRIES,SEASHELLS,3987.0,9
904,Vinnie,Remy,CHOCOLATE,SEASHELLS,8025.0,5
916,Vinnie,Remy,STRAWBERRIES,SEASHELLS,3986.0,6
918,Vinnie,Remy,STRAWBERRIES,SEASHELLS,3986.0,9
928,Remy,Vinnie,ROSES,SEASHELLS,14768.0,2
930,Vinnie,Remy,CHOCOLATE,SEASHELLS,8024.0,5
936,Vinnie,Vladimir,CHOCOLATE,SEASHELLS,8022.0,10
936,Remy,Vinnie,ROSES,SEASHELLS,14765.0,1
944,Vinnie,Remy,STRAWBERRIES,SEASHELLS,3989.0,4
945,Vinnie,Remy,CHOCOLATE,SEASHELLS,8019.0,7
946,Vinnie,Vladimir,STRAWBERRIES,SEASHELLS,3989.0,7
947,Remy,Vinnie,STRAWBERRIES,SEASHELLS,3991.0,5
951,Vinnie,Vladimir,STRAWBERRIES,SEASHELLS,3990.0,12
952,Vinnie,Rhianna,GIFT_BASKET,SEASHELLS,71150.0,1
952,Vladimir,Rhianna,GIFT_BASKET,SEASHELLS,71150.0,5
952,Vinnie,Remy,CHOCOLATE,SEASHELLS,8020.0,8
954,Vinnie,Remy,CHOCOLATE,SEASHELLS,8019.0,5
957,Remy,Vinnie,ROSES,SEASHELLS,14783.0,3
958,Vinnie,Remy,ROSES,SEASHELLS,14779.0,1
961,Vinnie,Vladimir,ROSES,SEASHELLS,14786.0,4
963,Vladimir,Ruby,GIFT_BASKET,SEASHELLS,71178.0,5
965,Remy,Vinnie,ROSES,SEASHELLS,14786.0,2
970,Vinnie,Ruby,GIFT_BASKET,SEASHELLS,71193.0,2
973,Vinnie,Vladimir,STRAWBERRIES,SEASHELLS,3993.0,11
974,Vinnie,Vladimir,STRAWBERRIES,SEASHELLS,3993.0,7
976,Remy,Vinnie,STRAWBERRIES,SEASHELLS,3995.0,7
979,Vladimir,Ruby,GIFT_BASKET,SEASHELLS,71211.0,9
980,Vinnie,Remy,ROSES,SEASHELLS,14784.0,3
982,Remy,Vinnie,STRAWBERRIES,SEASHELLS,3995.0,8
987,Vinnie,Remy,CHOCOLATE,SEASHELLS,8023.0,7
990,Vinnie,Remy,STRAWBERRIES,SEASHELLS,3994.0,5
995,Remy,Vinnie,CHOCOLATE,SEASHELLS,8031.0,6
1003,Remy,Vinnie,ROSES,SEASHELLS,14787.0,4
1004,Vinnie,Remy,CHOCOLATE,SEASHELLS,8028.0,8
1007,Remy,Vinnie,STRAWBERRIES,SEASHELLS,3999.0,10
1008,Vinnie,Vladimir,ROSES,SEASHELLS,14798.0,8
1011,Vinnie,Remy,STRAWBERRIES,SEASHELLS,4000.0,9
1011,Vinnie,Remy,ROSES,SEASHELLS,14798.0,4
1013,Ruby,Vladimir,GIFT_BASKET,SEASHELLS,71261.0,6
1015,Remy,Vinnie,CHOCOLATE,SEASHELLS,8025.0,6
1015,Vinnie,Vladimir,STRAWBERRIES,SEASHELLS,4000.0,9
1019,Remy,Vinnie,STRAWBERRIES,SEASHELLS,3998.0,9
1024,Remy,Vinnie,CHOCOLATE,SEASHELLS,8028.0,7
1027,Vinnie,Remy,CHOCOLATE,SEASHELLS,8028.0,5
1030,Vinnie,Remy,ROSES,SEASHELLS,14762.0,2
1032,Vinnie,Vladimir,STRAWBERRIES,SEASHELLS,3996.0,9
1034,Vinnie,Remy,ROSES,SEASHELLS,14763.0,2
1036,Remy,Vinnie,STRAWBERRIES,SEASHELLS,3998.0,4
1038,Rhianna,Vinnie,GIFT_BASKET,SEASHELLS,71257.0,2
1038,Rhianna,Vladimir,GIFT_BASKET,SEASHELLS,71257.0,6
1044,Vinnie,Vladimir,STRAWBERRIES,SEASHELLS,3998.0,8
1045,Remy,Vinnie,STRAWBERRIES,SEASHELLS,4000.0,6
1049,Remy,Vinnie,STRAWBERRIES,SEASHELLS,3998.0,5
1056,Remy,Vinnie,ROSES,SEASHELLS,14767.0,4
1057,Vinnie,Remy,ROSES,SEASHELLS,14769.0,2
1058,Remy,Vinnie,ROSES,SEASHELLS,14768.0,2
1059,Remy,Vinnie,CHOCOLATE,SEASHELLS,8029.0,8
1061,Remy,Vinnie,CHOCOLATE,SEASHELLS,8026.0,6
1061,Remy,Vinnie,ROSES,SEASHELLS,14771.0,3
1063,Vinnie,Vladimir,STRAWBERRIES,SEASHELLS,3999.0,6
1072,Remy,Vinnie,STRAWBERRIES,SEASHELLS,4000.0,5
1074,Vinnie,Remy,CHOCOLATE,SEASHELLS,8026.0,6
1083,Vinnie,Vladimir,STRAWBERRIES,SEASHELLS,3999.0,12
1091,Vinnie,Remy,STRAWBERRIES,SEASHELLS,3999.0,7
1096,Rhianna,Vladimir,GIFT_BASKET,SEASHELLS,71315.0,4
1097,Vinnie,Remy,ROSES,SEASHELLS,14742.0,3
1101,Remy,Vinnie,CHOCOLATE,SEASHELLS,8030.0,6
1109,Vinnie,Remy,STRAWBERRIES,SEASHELLS,4000.0,9
1109,Remy,Vinnie,ROSES,SEASHELLS,14760.0,3
1110,Remy,Vinnie,ROSES,SEASHELLS,14759.0,4
1114,Vinnie,Remy,STRAWBERRIES,SEASHELLS,4000.0,7
1116,Vinnie,Remy,ROSES,SEASHELLS,14753.0,2
1119,Vinnie,Remy,STRAWBERRIES,SEASHELLS,4001.0,10
1128,Vinnie,Remy,STRAWBERRIES,SEASHELLS,4000.0,10
1133,Vinnie,Remy,STRAWBERRIES,SEASHELLS,4002.0,9
1137,Vinnie,Remy,ROSES,SEASHELLS,14738.0,4
1141,Vinnie,Vladimir,STRAWBERRIES,SEASHELLS,4003.0,4
1146,Vinnie,Rhianna,GIFT_BASKET,SEASHELLS,71351.0,1
1149,Vinnie,Remy,ROSES,SEASHELLS,14757.0,3
1150,Rhianna,Vinnie,GIFT_BASKET,SEASHELLS,71392.0,2
1151,Vinnie,Remy,CHOCOLATE,SEASHELLS,8031.0,8
1152,Remy,Vinnie,ROSES,SEASHELLS,14756.0,5
1155,Vinnie,Remy,ROSES,SEASHELLS,14752.0,2
1156,Ruby,Vinnie,GIFT_BASKET,SEASHELLS,71384.0,1
1163,Vinnie,Remy,CHOCOLATE,SEASHELLS,8030.0,6
1164,Remy,Vinnie,ROSES,SEASHELLS,14757.0,1
1164,Vinnie,Ruby,GIFT_BASKET,SEASHELLS,71361.0,2
1165,Vinnie,Remy,CHOCOLATE,SEASHELLS,8028.0,5
1173,Vinnie,Remy,ROSES,SEASHELLS,14746.0,3
1174,Vinnie,Remy,STRAWBERRIES,SEASHELLS,4005.0,10
1174,Remy,Vinnie,ROSES,SEASHELLS,14746.0,3
1175,Remy,Vinnie,STRAWBERRIES,SEASHELLS,4006.0,9
1176,Vinnie,Vladimir,CHOCOLATE,SEASHELLS,8027.0,4
1188,Vinnie,Vladimir,CHOCOLATE,SEASHELLS,8026.0,6
1191,Remy,Vinnie,ROSES,SEASHELLS,14725.0,4
1191,Vinnie,Remy,CHOCOLATE,SEASHELLS,8027.0,5
1194,Rhianna,Vinnie,GIFT_BASKET,SEASHELLS,71336.0,2
1195,Vinnie,Vladimir,ROSES,SEASHELLS,14731.0,11
1197,Remy,Vinnie,STRAWBERRIES,SEASHELLS,4007.0,8
1199,Vinnie,Remy,ROSES,SEASHELLS,14737.0,3
1200,Vinnie,Vladimir,CHOCOLATE,SEASHELLS,8029.0,7
1202,Remy,Vinnie,CHOCOLATE,SEASHELLS,8031.0,5
1203,Remy,Vinnie,STRAWBERRIES,SEASHELLS,4005.0,5
1206,Remy,Vinnie,CHOCOLATE,SEASHELLS,8032.0,8
1210,Remy,Vinnie,STRAWBERRIES,SEASHELLS,4003.0,5
1212,Vladimir,Rhianna,GIFT_BASKET,SEASHELLS,71290.0,2
1215,Vinnie,Remy,STRAWBERRIES,SEASHELLS,4001.0,4
1215,Remy,Vinnie,ROSES,SEASHELLS,14732.0,4
1216,Vinnie,Vladimir,CHOCOLATE,SEASHELLS,8027.0,10
1218,Remy,Vinnie,CHOCOLATE,SEASHELLS,8028.0,7
1220,Vinnie,Remy,ROSES,SEASHELLS,14724.0,5
1236,Vinnie,Remy,ROSES,SEASHELLS,14741.0,5
1239,Remy,Vinnie,CHOCOLATE,SEASHELLS,8029.0,5
1241,Vinnie,Remy,CHOCOLATE,SEASHELLS,8027.0,8
1242,Vinnie,Ruby,GIFT_BASKET,SEASHELLS,71295.0,2
1244,Rhianna,Vinnie,GIFT_BASKET,SEASHELLS,71290.0,1
1244,Rhianna,Vladimir,GIFT_BASKET,SEASHELLS,71296.0,1
1247,Vinnie,Remy,ROSES,SEASHELLS,14744.0,5
1249,Vinnie,Vladimir,ROSES,SEASHELLS,14748.0,8
1256,Vinnie,Remy,ROSES,SEASHELLS,14737.0,2
1259,Vinnie,Vladimir,STRAWBERRIES,SEASHELLS,3998.0,11
1260,Remy,Vinnie,ROSES,SEASHELLS,14736.0,3
1262,Vinnie,Vladimir,STRAWBERRIES,SEASHELLS,3998.0,6
1264,Remy,Vinnie,STRAWBERRIES,SEASHELLS,4000.0,9
1265,Vinnie,Remy,ROSES,SEASHELLS,14736.0,1
1265,Remy,Vinnie,CHOCOLATE,SEASHELLS,8036.0,7
1266,Remy,Vinnie,CHOCOLATE,SEASHELLS,8034.0,5
1266,Vinnie,Remy,STRAWBERRIES,SEASHELLS,3998.0,8
1268,Remy,Vinnie,STRAWBERRIES,SEASHELLS,3999.0,7
1269,Vinnie,Remy,CHOCOLATE,SEASHELLS,8033.0,7
1270,Vinnie,Remy,CHOCOLATE,SEASHELLS,8033.0,7
1277,Remy,Vinnie,CHOCOLATE,SEASHELLS,8037.0,6
1281,Remy,Vinnie,ROSES,SEASHELLS,14752.0,2
1283,Vinnie,Remy,ROSES,SEASHELLS,14751.0,3
1285,Vinnie,Remy,STRAWBERRIES,SEASHELLS,3997.0,6
1289,Remy,Vinnie,ROSES,SEASHELLS,14766.0,1
1290,Vinnie,Remy,ROSES,SEASHELLS,14761.0,2
1291,Vinnie,Vladimir,STRAWBERRIES,SEASHELLS,3998.0,7
1298,Vinnie,Remy,CHOCOLATE,SEASHELLS,8040.0,7
1300,Remy,Vinnie,CHOCOLATE,SEASHELLS,8042.0,5
1304,Remy,Vinnie,STRAWBERRIES,SEASHELLS,4000.0,7
1306,Vinnie,Remy,ROSES,SEASHELLS,14766.0,5
1308,Vinnie,Remy,ROSES,SEASHELLS,14764.0,3
1312,Rhianna,Vinnie,GIFT_BASKET,SEASHELLS,71356.0,1
1318,Vinnie,Vladimir,STRAWBERRIES,SEASHELLS,3997.0,3
1318,Remy,Vinnie,STRAWBERRIES,SEASHELLS,3998.0,8
1320,Vinnie,Vladimir,STRAWBERRIES,SEASHELLS,3997.0,12
1320,Remy,Vinnie,CHOCOLATE,SEASHELLS,8050.0,7
1321,Vinnie,Remy,CHOCOLATE,SEASHELLS,8048.0,5
1330,Remy,Vinnie,STRAWBERRIES,SEASHELLS,4000.0,8
1332,Remy,Vinnie,ROSES,SEASHELLS,14779.0,4
1334,Vinnie,Vladimir,STRAWBERRIES,SEASHELLS,4000.0,3
1335,Vinnie,Remy,STRAWBERRIES,SEASHELLS,3999.0,4
1335,Vladimir,Rhianna,GIFT_BASKET,SEASHELLS,71401.0,7
1336,Vinnie,Ruby,GIFT_BASKET,SEASHELLS,71414.0,2
1337,Vinnie,Remy,ROSES,SEASHELLS,14780.0,5
1340,Remy,Vinnie,ROSES,SEASHELLS,14784.0,5
1347,Vinnie,Remy,STRAWBERRIES,SEASHELLS,3999.0,8
1349,Vinnie,Remy,STRAWBERRIES,SEASHELLS,3999.0,6
1352,Vinnie,Remy,STRAWBERRIES,SEASHELLS,3999.0,4
1353,Remy,Vinnie,CHOCOLATE,SEASHELLS,8044.0,7
1358,Rhianna,Vinnie,GIFT_BASKET,SEASHELLS,71336.0,2
1358,Vinnie,Ruby,GIFT_BASKET,SEASHELLS,71325.0,2
1358,Rhianna,Vladimir,GIFT_BASKET,SEASHELLS,71336.0,5
1362,Remy,Vinnie,STRAWBERRIES,SEASHELLS,4002.0,9
1362,Vinnie,Remy,ROSES,SEASHELLS,14761.0,5
1363,Vinnie,Vladimir,STRAWBERRIES,SEASHELLS,4001.0,4
1366,Vinnie,Vladimir,ROSES,SEASHELLS,14756.0,8
1374,Vladimir,Ruby,GIFT_BASKET,SEASHELLS,71305.0,7
1374,Vinnie,Remy,STRAWBERRIES,SEASHELLS,4001.0,6
1376,Remy,Vinnie,ROSES,SEASHELLS,14750.0,1
1383,Ruby,Vladimir,GIFT_BASKET,SEASHELLS,71326.0,8
1384,Remy,Vinnie,ROSES,SEASHELLS,14747.0,2
1385,Remy,Vinnie,STRAWBERRIES,SEASHELLS,4002.0,8
1387,Vladimir,Ruby,GIFT_BASKET,SEASHELLS,71331.0,7
1387,Vinnie,Rhianna,GIFT_BASKET,SEASHELLS,71332.0,2
1388,Vinnie,Remy,CHOCOLATE,SEASHELLS,8041.0,6
1388,Vinnie,Remy,ROSES,SEASHELLS,14754.0,3
1409,Remy,Vinnie,ROSES,SEASHELLS,14758.0,3
1410,Vinnie,Vladimir,ROSES,SEASHELLS,14760.0,4
1412,Vinnie,Remy,CHOCOLATE,SEASHELLS,8046.0,6
1412,Vinnie,Vladimir,CHOCOLATE,SEASHELLS,8046.0,6
1413,Vinnie,Remy,STRAWBERRIES,SEASHELLS,3999.0,5
1420,Vinnie,Remy,STRAWBERRIES,SEASHELLS,3998.0,4
1422,Remy,Vinnie,CHOCOLATE,SEASHELLS,8048.0,6
1427,Vinnie,Remy,ROSES,SEASHELLS,14759.0,2
1431,Vinnie,Remy,CHOCOLATE,SEASHELLS,8043.0,7
1431,Vinnie,Remy,ROSES,SEASHELLS,14760.0,2
1432,Vinnie,Vladimir,STRAWBERRIES,SEASHELLS,3997.0,5
1433,Remy,Vinnie,ROSES,SEASHELLS,14764.0,3
1442,Remy,Vinnie,STRAWBERRIES,SEASHELLS,3998.0,9
1443,Vinnie,Remy,STRAWBERRIES,SEASHELLS,3997.0,9
1453,Vinnie,Remy,ROSES,SEASHELLS,14750.0,3
1454,Vinnie,Rhianna,GIFT_BASKET,SEASHELLS,71442.0,1
1454,Remy,Vinnie,ROSES,SEASHELLS,14755.0,5
1454,Vladimir,Rhianna,GIFT_BASKET,SEASHELLS,71442.0,7
1458,Remy,Vinnie,STRAWBERRIES,SEASHELLS,3998.0,4
1460,Ruby,Vinnie,GIFT_BASKET,SEASHELLS,71449.0,2
1460,Vinnie,Remy,CHOCOLATE,SEASHELLS,8046.0,7
1463,Remy,Vinnie,STRAWBERRIES,SEASHELLS,3999.0,8
1467,Vinnie,Vladimir,STRAWBERRIES,SEASHELLS,3997.0,4
1470,Vinnie,Remy,CHOCOLATE,SEASHELLS,8048.0,6
1476,Remy,Vinnie,STRAWBERRIES,SEASHELLS,3999.0,6
1477,Vinnie,Remy,CHOCOLATE,SEASHELLS,8046.0,6
1478,Vinnie,Remy,STRAWBERRIES,SEASHELLS,3997.0,5
1482,Remy,Vinnie,ROSES,SEASHELLS,14748.0,5
1483,Remy,Vinnie,ROSES,SEASHELLS,14750.0,5
1487,Vladimir,Rhianna,GIFT_BASKET,SEASHELLS,71401.0,2
1490,Remy,Vinnie,STRAWBERRIES,SEASHELLS,4000.0,6
1492,Vinnie,Remy,STRAWBERRIES,SEASHELLS,3998.0,10
1496,Remy,Vinnie,CHOCOLATE,SEASHELLS,8040.0,7
1497,Vinnie,Vladimir,ROSES,SEASHELLS,14747.0,11
1504,Vinnie,Remy,CHOCOLATE,SEASHELLS,8046.0,8
1507,Vinnie,Remy,CHOCOLATE,SEASHELLS,8045.0,6
1507,Remy,Vinnie,STRAWBERRIES,SEASHELLS,3999.0,9
1513,Remy,Vinnie,CHOCOLATE,SEASHELLS,8045.0,8
1515,Vinnie,Ruby,GIFT_BASKET,SEASHELLS,71449.0,2
1516,Vinnie,Ruby,GIFT_BASKET,SEASHELLS,71433.0,1
1520,Remy,Vinnie,ROSES,SEASHELLS,14776.0,3
1520,Vinnie,Remy,CHOCOLATE,SEASHELLS,8047.0,5
1525,Remy,Vinnie,CHOCOLATE,SEASHELLS,8048.0,5
1526,Ruby,Vinnie,GIFT_BASKET,SEASHELLS,71448.0,1
1529,Vinnie,Vladimir,CHOCOLATE,SEASHELLS,8041.0,5
1530,Remy,Vinnie,CHOCOLATE,SEASHELLS,8044.0,5
1531,Remy,Vinnie,STRAWBERRIES,SEASHELLS,4000.0,10
1535,Vladimir,Rhianna,GIFT_BASKET,SEASHELLS,71439.0,6
1535,Remy,Vinnie,ROSES,SEASHELLS,14786.0,3
1540,Vinnie,Remy,CHOCOLATE,SEASHELLS,8044.0,6
1541,Remy,Vinnie,STRAWBERRIES,SEASHELLS,4001.0,10
1542,Remy,Vinnie,CHOCOLATE,SEASHELLS,8047.0,7
1547,Vinnie,Remy,CHOCOLATE,SEASHELLS,8042.0,8
1549,Vinnie,Remy,STRAWBERRIES,SEASHELLS,3998.0,5
1550,Vinnie,Remy,STRAWBERRIES,SEASHELLS,3998.0,5
1550,Vinnie,Vladimir,STRAWBERRIES,SEASHELLS,3998.0,10
1555,Vinnie,Vladimir,STRAWBERRIES,SEASHELLS,3998.0,11
1556,Vinnie,Remy,CHOCOLATE,SEASHELLS,8037.0,7
1561,Remy,Vinnie,ROSES,SEASHELLS,14785.0,5
1562,Vinnie,Remy,ROSES,SEASHELLS,14788.0,4
1564,Remy,Vinnie,CHOCOLATE,SEASHELLS,8034.0,6
1565,Vinnie,Remy,STRAWBERRIES,SEASHELLS,3998.0,9
1566,Vinnie,Remy,CHOCOLATE,SEASHELLS,8035.0,5
1569,Vinnie,Remy,STRAWBERRIES,SEASHELLS,3997.0,9
1571,Remy,Vinnie,CHOCOLATE,SEASHELLS,8038.0,6
1576,Vinnie,Remy,STRAWBERRIES,SEASHELLS,3995.0,7
1576,Vinnie,Remy,ROSES,SEASHELLS,14794.0,4
1578,Vinnie,Remy,CHOCOLATE,SEASHELLS,8043.0,7
1580,Vinnie,Remy,STRAWBERRIES,SEASHELLS,3993.0,9
1581,Vinnie,Remy,ROSES,SEASHELLS,14788.0,3
1585,Vinnie,Vladimir,STRAWBERRIES,SEASHELLS,3992.0,11
1585,Remy,Vinnie,CHOCOLATE,SEASHELLS,8044.0,6
1586,Rhianna,Vinnie,GIFT_BASKET,SEASHELLS,71449.0,1
1586,Rhianna,Vladimir,GIFT_BASKET,SEASHELLS,71449.0,1
1588,Ruby,Vinnie,GIFT_BASKET,SEASHELLS,71452.0,1
1590,Vinnie,Remy,CHOCOLATE,SEASHELLS,8041.0,8
1593,Vinnie,Remy,STRAWBERRIES,SEASHELLS,3993.0,6
1603,Vinnie,Vladimir,STRAWBERRIES,SEASHELLS,3993.0,12
1603,Vinnie,Remy,ROSES,SEASHELLS,14785.0,1
1603,Vinnie,Remy,STRAWBERRIES,SEASHELLS,3993.0,10
1607,Vinnie,Vladimir,STRAWBERRIES,SEASHELLS,3994.0,11
1609,Remy,Vinnie,STRAWBERRIES,SEASHELLS,3996.0,5
1611,Vinnie,Vladimir,CHOCOLATE,SEASHELLS,8037.0,5
1612,Vinnie,Rhianna,GIFT_BASKET,SEASHELLS,71444.0,2
1614,Vinnie,Remy,ROSES,SEASHELLS,14781.0,1
1616,Vinnie,Vladimir,CHOCOLATE,SEASHELLS,8036.0,10
1629,Vinnie,Vladimir,STRAWBERRIES,SEASHELLS,3996.0,7
1630,Vinnie,Vladimir,STRAWBERRIES,SEASHELLS,3996.0,4
1634,Vinnie,Vladimir,STRAWBERRIES,SEASHELLS,3996.0,8
1635,Remy,Vinnie,STRAWBERRIES,SEASHELLS,3997.0,6
1638,Vinnie,Rhianna,GIFT_BASKET,SEASHELLS,71407.0,2
1638,Vladimir,Rhianna,GIFT_BASKET,SEASHELLS,71407.0,1
1639,Vinnie,Vladimir,STRAWBERRIES,SEASHELLS,3996.0,3
1640,Remy,Vinnie,CHOCOLATE,SEASHELLS,8035.0,6
1643,Vinnie,Remy,CHOCOLATE,SEASHELLS,8032.0,8
1652,Ruby,Vinnie,GIFT_BASKET,SEASHELLS,71380.0,1
1654,Vinnie,Vladimir,STRAWBERRIES,SEASHELLS,3996.0,6
1656,Vladimir,Ruby,GIFT_BASKET,SEASHELLS,71386.0,8
1658,Remy,Vinnie,ROSES,SEASHELLS,14773.0,5
1667,Vinnie,Vladimir,STRAWBERRIES,SEASHELLS,3997.0,11
1669,Vinnie,Remy,STRAWBERRIES,SEASHELLS,3997.0,7
1670,Vinnie,Remy,ROSES,SEASHELLS,14760.0,5
1672,Vinnie,Remy,STRAWBERRIES,SEASHELLS,3996.0,5
1673,Vinnie,Remy,STRAWBERRIES,SEASHELLS,3996.0,8
1674,Vinnie,Vladimir,STRAWBERRIES,SEASHELLS,3995.0,11
1675,Remy,Vinnie,STRAWBERRIES,SEASHELLS,3997.0,6
1676,Vinnie,Vladimir,ROSES,SEASHELLS,14755.0,5
1681,Remy,Vinnie,CHOCOLATE,SEASHELLS,8027.0,6
1682,Remy,Vinnie,CHOCOLATE,SEASHELLS,8026.0,7
1683,Vinnie,Remy,CHOCOLATE,SEASHELLS,8025.0,5
1695,Vinnie,Remy,STRAWBERRIES,SEASHELLS,3996.0,6
1698,Remy,Vinnie,CHOCOLATE,SEASHELLS,8028.0,5
1699,Remy,Vinnie,CHOCOLATE,SEASHELLS,8027.0,6
1703,Vinnie,Remy,ROSES,SEASHELLS,14717.0,1
1705,Vinnie,Vladimir,STRAWBERRIES,SEASHELLS,3995.0,5
1707,Remy,Vinnie,ROSES,SEASHELLS,14719.0,2
1709,Remy,Vinnie,STRAWBERRIES,SEASHELLS,3994.0,4
1712,Vinnie,Vladimir,CHOCOLATE,SEASHELLS,8026.0,9
1712,Vinnie,Remy,STRAWBERRIES,SEASHELLS,3993.0,7
1716,Remy,Vinnie,CHOCOLATE,SEASHELLS,8029.0,7
1719,Vladimir,Rhianna,GIFT_BASKET,SEASHELLS,71311.0,5
1720,Vinnie,Vladimir,STRAWBERRIES,SEASHELLS,3994.0,10
1721,Remy,Vinnie,STRAWBERRIES,SEASHELLS,3996.0,10
1726,Remy,Vinnie,ROSES,SEASHELLS,14729.0,5
1727,Remy,Vinnie,CHOCOLATE,SEASHELLS,8030.0,8
1737,Vinnie,Vladimir,CHOCOLATE,SEASHELLS,8023.0,10
1739,Vinnie,Vladimir,CHOCOLATE,SEASHELLS,8023.0,8
1743,Vinnie,Remy,STRAWBERRIES,SEASHELLS,3994.0,4
1744,Vinnie,Remy,ROSES,SEASHELLS,14716.0,2
1744,Vinnie,Remy,CHOCOLATE,SEASHELLS,8025.0,6
1750,Remy,Vinnie,ROSES,SEASHELLS,14725.0,3
1752,Remy,Vinnie,STRAWBERRIES,SEASHELLS,3995.0,6
1757,Remy,Vinnie,ROSES,SEASHELLS,14722.0,2
1758,Vinnie,Remy,STRAWBERRIES,SEASHELLS,3993.0,5
1758,Remy,Vinnie,ROSES,SEASHELLS,14720.0,3
1760,Vinnie,Remy,STRAWBERRIES,SEASHELLS,3994.0,4
1760,Vinnie,Vladimir,STRAWBERRIES,SEASHELLS,3994.0,10
1768,Vinnie,Remy,STRAWBERRIES,SEASHELLS,3996.0,6
1771,Vinnie,Remy,STRAWBERRIES,SEASHELLS,3995.0,5
1772,Vinnie,Ruby,GIFT_BASKET,SEASHELLS,71260.0,2
1775,Vinnie,Vladimir,ROSES,SEASHELLS,14728.0,11
1776,Vladimir,Ruby,GIFT_BASKET,SEASHELLS,71266.0,7
1778,Vinnie,Remy,STRAWBERRIES,SEASHELLS,3996.0,5
1789,Vinnie,Vladimir,STRAWBERRIES,SEASHELLS,3996.0,6
1789,Remy,Vinnie,ROSES,SEASHELLS,14730.0,1
1790,Remy,Vinnie,CHOCOLATE,SEASHELLS,8020.0,5
1792,Vinnie,Ruby,GIFT_BASKET,SEASHELLS,71239.0,1
1800,Remy,Vinnie,ROSES,SEASHELLS,14706.0,1
1801,Vinnie,Vladimir,CHOCOLATE,SEASHELLS,8020.0,7
1802,Remy,Vinnie,STRAWBERRIES,SEASHELLS,3997.0,4
1803,Vinnie,Remy,CHOCOLATE,SEASHELLS,8020.0,7
1803,Remy,Vinnie,ROSES,SEASHELLS,14703.0,1
1812,Vinnie,Remy,ROSES,SEASHELLS,14713.0,3
1813,Vinnie,Remy,CHOCOLATE,SEASHELLS,8017.0,6
1814,Vinnie,Vladimir,STRAWBERRIES,SEASHELLS,3997.0,11
1817,Vinnie,Remy,ROSES,SEASHELLS,14716.0,3
1819,Vinnie,Remy,STRAWBERRIES,SEASHELLS,3996.0,9
1819,Remy,Vinnie,CHOCOLATE,SEASHELLS,8020.0,5
1824,Remy,Vinnie,STRAWBERRIES,SEASHELLS,3998.0,8
1826,Ruby,Vinnie,GIFT_BASKET,SEASHELLS,71286.0,2
1829,Vinnie,Vladimir,CHOCOLATE,SEASHELLS,8027.0,6
1836,Remy,Vinnie,CHOCOLATE,SEASHELLS,8032.0,8
1839,Vinnie,Remy,ROSES,SEASHELLS,14710.0,2
1841,Vladimir,Rhianna,GIFT_BASKET,SEASHELLS,71299.0,2
1841,Vinnie,Remy,CHOCOLATE,SEASHELLS,8032.0,8
1845,Remy,Vinnie,STRAWBERRIES,SEASHELLS,4001.0,10
1846,Ruby,Vinnie,GIFT_BASKET,SEASHELLS,71318.0,2
1846,Vinnie,Remy,STRAWBERRIES,SEASHELLS,4000.0,5
1848,Remy,Vinnie,STRAWBERRIES,SEASHELLS,4001.0,4
1855,Vinnie,Remy,STRAWBERRIES,SEASHELLS,4000.0,4
1857,Vinnie,Remy,CHOCOLATE,SEASHELLS,8030.0,8
1863,Vinnie,Vladimir,STRAWBERRIES,SEASHELLS,4001.0,6
1870,Vinnie,Remy,ROSES,SEASHELLS,14734.0,4
1876,Vinnie,Remy,ROSES,SEASHELLS,14738.0,4
1878,Ruby,Vladimir,GIFT_BASKET,SEASHELLS,71372.0,10
1878,Vinnie,Remy,STRAWBERRIES,SEASHELLS,4001.0,8
1884,Remy,Vinnie,ROSES,SEASHELLS,14745.0,3
1885,Ruby,Vladimir,GIFT_BASKET,SEASHELLS,71339.0,10
1886,Remy,Vinnie,ROSES,SEASHELLS,14737.0,1
1887,Remy,Vinnie,STRAWBERRIES,SEASHELLS,4002.0,7
1889,Vinnie,Vladimir,ROSES,SEASHELLS,14738.0,8
1899,Rhianna,Vladimir,GIFT_BASKET,SEASHELLS,71377.0,4
1899,Rhianna,Vinnie,GIFT_BASKET,SEASHELLS,71377.0,2
1900,Remy,Vinnie,ROSES,SEASHELLS,14747.0,1
1917,Vinnie,Remy,ROSES,SEASHELLS,14758.0,4
1919,Vinnie,Vladimir,STRAWBERRIES,SEASHELLS,4001.0,9
1922,Remy,Vinnie,STRAWBERRIES,SEASHELLS,4002.0,10
1926,Vinnie,Remy,CHOCOLATE,SEASHELLS,8024.0,6
1927,Vinnie,Remy,ROSES,SEASHELLS,14771.0,2
1929,Vladimir,Rhianna,GIFT_BASKET,SEASHELLS,71350.0,2
1933,Vinnie,Vladimir,STRAWBERRIES,SEASHELLS,4003.0,10
1934,Vinnie,Vladimir,ROSES,SEASHELLS,14768.0,5
1937,Vinnie,Remy,ROSES,SEASHELLS,14767.0,1
1938,Remy,Vinnie,STRAWBERRIES,SEASHELLS,4003.0,8
1939,Vinnie,Vladimir,STRAWBERRIES,SEASHELLS,4002.0,9
1941,Vinnie,Remy,STRAWBERRIES,SEASHELLS,4002.0,4
1943,Vinnie,Rhianna,GIFT_BASKET,SEASHELLS,71284.0,1
1943,Vladimir,Rhianna,GIFT_BASKET,SEASHELLS,71283.0,2
1947,Vinnie,Vladimir,ROSES,SEASHELLS,14760.0,6
1949,Vinnie,Remy,CHOCOLATE,SEASHELLS,8019.0,7
1950,Vinnie,Remy,ROSES,SEASHELLS,14758.0,3
1952,Vinnie,Remy,ROSES,SEASHELLS,14758.0,3
1953,Vladimir,Rhianna,GIFT_BASKET,SEASHELLS,71272.0,4
1953,Vinnie,Rhianna,GIFT_BASKET,SEASHELLS,71273.0,1
1959,Vinnie,Vladimir,STRAWBERRIES,SEASHELLS,4002.0,6
1960,Vinnie,Remy,CHOCOLATE,SEASHELLS,8015.0,7
1962,Vinnie,Remy,STRAWBERRIES,SEASHELLS,4002.0,10
1963,Vinnie,Remy,ROSES,SEASHELLS,14761.0,5
1965,Vinnie,Remy,STRAWBERRIES,SEASHELLS,4003.0,10
1967,Vinnie,Vladimir,STRAWBERRIES,SEASHELLS,4003.0,8
1968,Remy,Vinnie,STRAWBERRIES,SEASHELLS,4004.0,5
1971,Vinnie,Remy,CHOCOLATE,SEASHELLS,8015.0,7
1975,Vinnie,Remy,ROSES,SEASHELLS,14746.0,2
1976,Remy,Vinnie,CHOCOLATE,SEASHELLS,8020.0,7
1979,Ruby,Vinnie,GIFT_BASKET,SEASHELLS,71301.0,2
1982,Vinnie,Remy,ROSES,SEASHELLS,14753.0,3
1982,Vinnie,Remy,STRAWBERRIES,SEASHELLS,4003.0,10
1984,Remy,Vinnie,ROSES,SEASHELLS,14751.0,3
1985,Vinnie,Remy,CHOCOLATE,SEASHELLS,8015.0,6
1986,Vinnie,Vladimir,ROSES,SEASHELLS,14753.0,7
1986,Vinnie,Ruby,GIFT_BASKET,SEASHELLS,71277.0,1
1987,Remy,Vinnie,ROSES,SEASHELLS,14760.0,1
1991,Remy,Vinnie,ROSES,SEASHELLS,14758.0,2
1998,Vinnie,Remy,CHOCOLATE,SEASHELLS,8005.0,7
2002,Vinnie,Remy,CHOCOLATE,SEASHELLS,8009.0,6
2008,Remy,Vinnie,STRAWBERRIES,SEASHELLS,4005.0,4
2012,Remy,Vinnie,STRAWBERRIES,SEASHELLS,4005.0,4
2012,Vinnie,Remy,ROSES,SEASHELLS,14740.0,1
2017,Vinnie,Remy,ROSES,SEASHELLS,14742.0,4
2021,Vinnie,Vladimir,STRAWBERRIES,SEASHELLS,4004.0,11
2022,Remy,Vinnie,STRAWBERRIES,SEASHELLS,4005.0,5
2026,Vinnie,Vladimir,CHOCOLATE,SEASHELLS,8012.0,8
2027,Remy,Vinnie,ROSES,SEASHELLS,14748.0,4
2029,Vinnie,Remy,ROSES,SEASHELLS,14748.0,1
2030,Vinnie,Remy,CHOCOLATE,SEASHELLS,8014.0,8
2032,Remy,Vinnie,STRAWBERRIES,SEASHELLS,4004.0,8
2034,Vinnie,Remy,CHOCOLATE,SEASHELLS,8013.0,8
2034,Remy,Vinnie,STRAWBERRIES,SEASHELLS,4004.0,9
2038,Vinnie,Vladimir,STRAWBERRIES,SEASHELLS,4003.0,7
2038,Vinnie,Remy,STRAWBERRIES,SEASHELLS,4003.0,5
2039,Vinnie,Remy,STRAWBERRIES,SEASHELLS,4004.0,7
2043,Remy,Vinnie,CHOCOLATE,SEASHELLS,8015.0,8
2044,Vinnie,Vladimir,STRAWBERRIES,SEASHELLS,4004.0,4
2045,Vinnie,Remy,CHOCOLATE,SEASHELLS,8016.0,5
2048,Remy,Vinnie,ROSES,SEASHELLS,14737.0,5
2054,Remy,Vinnie,CHOCOLATE,SEASHELLS,8015.0,5
2054,Remy,Vinnie,STRAWBERRIES,SEASHELLS,4005.0,9
2057,Remy,Vinnie,ROSES,SEASHELLS,14757.0,4
2057,Remy,Vinnie,STRAWBERRIES,SEASHELLS,4005.0,6
2057,Vinnie,Vladimir,STRAWBERRIES,SEASHELLS,4003.0,8
2060,Vladimir,Ruby,GIFT_BASKET,SEASHELLS,71256.0,9
2060,Vinnie,Remy,STRAWBERRIES,SEASHELLS,4004.0,6
2061,Remy,Vinnie,CHOCOLATE,SEASHELLS,8013.0,6
2065,Vladimir,Vinnie,GIFT_BASKET,SEASHELLS,71266.0,1
2070,Remy,Vinnie,CHOCOLATE,SEASHELLS,8009.0,8
2071,Remy,Vinnie,CHOCOLATE,SEASHELLS,8009.0,8
2072,Vladimir,Ruby,GIFT_BASKET,SEASHELLS,71197.0,8
2076,Vinnie,Remy,ROSES,SEASHELLS,14737.0,4
2077,Vinnie,Remy,ROSES,SEASHELLS,14734.0,1
2078,Vladimir,Rhianna,GIFT_BASKET,SEASHELLS,71191.0,8
2080,Remy,Vinnie,STRAWBERRIES,SEASHELLS,4004.0,10
2081,Vinnie,Rhianna,GIFT_BASKET,SEASHELLS,71206.0,1
2081,Remy,Vinnie,CHOCOLATE,SEASHELLS,8006.0,5
2087,Vinnie,Ruby,GIFT_BASKET,SEASHELLS,71192.0,2
2089,Remy,Vinnie,ROSES,SEASHELLS,14749.0,1
2089,Vinnie,Vladimir,STRAWBERRIES,SEASHELLS,4003.0,9
2092,Vinnie,Vladimir,CHOCOLATE,SEASHELLS,7999.0,6
2092,Vinnie,Vladimir,STRAWBERRIES,SEASHELLS,4004.0,12
2095,Vinnie,Remy,ROSES,SEASHELLS,14743.0,1
2108,Vinnie,Ruby,GIFT_BASKET,SEASHELLS,71170.0,1
2118,Vinnie,Remy,STRAWBERRIES,SEASHELLS,4004.0,7
2121,Vinnie,Vladimir,CHOCOLATE,SEASHELLS,7996.0,10
2124,Remy,Vinnie,CHOCOLATE,SEASHELLS,7995.0,7
2124,Remy,Vinnie,STRAWBERRIES,SEASHELLS,4006.0,4
2125,Remy,Vinnie,CHOCOLATE,SEASHELLS,7996.0,7
2131,Remy,Vinnie,STRAWBERRIES,SEASHELLS,4007.0,10
2135,Vinnie,Vladimir,CHOCOLATE,SEASHELLS,7995.0,5
2140,Remy,Vinnie,ROSES,SEASHELLS,14769.0,3
2140,Remy,Vinnie,STRAWBERRIES,SEASHELLS,4009.0,10
2144,Rhianna,Vinnie,GIFT_BASKET,SEASHELLS,71226.0,1
2147,Remy,Vinnie,STRAWBERRIES,SEASHELLS,4008.0,10
2149,Vinnie,Remy,ROSES,SEASHELLS,14769.0,3
2157,Vinnie,Remy,ROSES,SEASHELLS,14779.0,5
2168,Vinnie,Remy,CHOCOLATE,SEASHELLS,7990.0,5
2171,Vinnie,Vladimir,STRAWBERRIES,SEASHELLS,4005.0,12
2174,Remy,Vinnie,CHOCOLATE,SEASHELLS,7991.0,7
2179,Remy,Vinnie,CHOCOLATE,SEASHELLS,7993.0,8
2181,Remy,Vinnie,STRAWBERRIES,SEASHELLS,4006.0,6
2189,Vinnie,Vladimir,STRAWBERRIES,SEASHELLS,4004.0,11
2194,Remy,Vinnie,STRAWBERRIES,SEASHELLS,4004.0,8
2195,Vinnie,Remy,ROSES,SEASHELLS,14749.0,4
2202,Vinnie,Remy,STRAWBERRIES,SEASHELLS,4002.0,6
2203,Vinnie,Vladimir,CHOCOLATE,SEASHELLS,7990.0,7
2206,Vinnie,Vladimir,CHOCOLATE,SEASHELLS,7990.0,5
2207,Vinnie,Ruby,GIFT_BASKET,SEASHELLS,71085.0,5
2208,Vinnie,Remy,CHOCOLATE,SEASHELLS,7990.0,6
2209,Vinnie,Vladimir,STRAWBERRIES,SEASHELLS,4001.0,6
2210,Remy,Vinnie,STRAWBERRIES,SEASHELLS,4002.0,6
2211,Vinnie,Ruby,GIFT_BASKET,SEASHELLS,71071.0,2
2216,Vinnie,Vladimir,STRAWBERRIES,SEASHELLS,3999.0,6
2218,Vinnie,Remy,CHOCOLATE,SEASHELLS,7992.0,8
2220,Vinnie,Remy,STRAWBERRIES,SEASHELLS,3999.0,4
2227,Vinnie,Remy,STRAWBERRIES,SEASHELLS,3999.0,8
2228,Vladimir,Ruby,GIFT_BASKET,SEASHELLS,71097.0,5
2231,Vinnie,Remy,ROSES,SEASHELLS,14749.0,5
2233,Vinnie,Vladimir,STRAWBERRIES,SEASHELLS,4001.0,12
2234,Vinnie,Remy,ROSES,SEASHELLS,14741.0,4
2236,Vinnie,Remy,CHOCOLATE,SEASHELLS,7995.0,6
2240,Vinnie,Vladimir,STRAWBERRIES,SEASHELLS,4001.0,6
2242,Vinnie,Remy,ROSES,SEASHELLS,14733.0,4
2247,Ruby,Vinnie,GIFT_BASKET,SEASHELLS,71118.0,2
2247,Remy,Vinnie,CHOCOLATE,SEASHELLS,7996.0,5
2250,Vinnie,Rhianna,GIFT_BASKET,SEASHELLS,71092.0,1
2250,Vinnie,Vladimir,CHOCOLATE,SEASHELLS,7994.0,9
2250,Vladimir,Rhianna,GIFT_BASKET,SEASHELLS,71091.0,6
2251,Remy,Vinnie,STRAWBERRIES,SEASHELLS,4003.0,8
2255,Remy,Vinnie,STRAWBERRIES,SEASHELLS,4002.0,5
2257,Remy,Vinnie,STRAWBERRIES,SEASHELLS,4003.0,10
2257,Remy,Vinnie,ROSES,SEASHELLS,14759.0,1
2259,Remy,Vinnie,ROSES,SEASHELLS,14755.0,1
2262,Remy,Vinnie,CHOCOLATE,SEASHELLS,7997.0,8
2265,Vinnie,Remy,ROSES,SEASHELLS,14748.0,2
2266,Vinnie,Remy,CHOCOLATE,SEASHELLS,7997.0,5
2268,Ruby,Vinnie,GIFT_BASKET,SEASHELLS,71135.0,1
2268,Remy,Vinnie,ROSES,SEASHELLS,14760.0,2
2269,Vladimir,Rhianna,GIFT_BASKET,SEASHELLS,71120.0,7
2269,Vinnie,Rhianna,GIFT_BASKET,SEASHELLS,71120.0,1
2277,Vinnie,Remy,STRAWBERRIES,SEASHELLS,4000.0,4
2278,Vinnie,Ruby,GIFT_BASKET,SEASHELLS,71095.0,1
2280,Vinnie,Remy,ROSES,SEASHELLS,14751.0,5
2281,Vinnie,Vladimir,STRAWBERRIES,SEASHELLS,3999.0,4
2285,Vinnie,Remy,CHOCOLATE,SEASHELLS,8002.0,6
2285,Vinnie,Remy,ROSES,SEASHELLS,14747.0,3
2297,Vinnie,Ruby,GIFT_BASKET,SEASHELLS,71078.0,2
2298,Remy,Vinnie,STRAWBERRIES,SEASHELLS,4000.0,8
2302,Vinnie,Remy,STRAWBERRIES,SEASHELLS,3998.0,7
2304,Vinnie,Remy,STRAWBERRIES,SEASHELLS,3998.0,6
2309,Vinnie,Vladimir,STRAWBERRIES,SEASHELLS,3998.0,10
2314,Vinnie,Remy,STRAWBERRIES,SEASHELLS,3998.0,5
2319,Vinnie,Remy,CHOCOLATE,SEASHELLS,7995.0,8
2321,Remy,Vinnie,ROSES,SEASHELLS,14734.0,4
2321,Vinnie,Ruby,GIFT_BASKET,SEASHELLS,70995.0,1
2321,Remy,Vinnie,CHOCOLATE,SEASHELLS,7998.0,5
2323,Vladimir,Rhianna,GIFT_BASKET,SEASHELLS,70982.0,3
2323,Vinnie,Vladimir,STRAWBERRIES,SEASHELLS,3996.0,6
2328,Remy,Vinnie,ROSES,SEASHELLS,14735.0,5
2329,Vinnie,Remy,CHOCOLATE,SEASHELLS,7992.0,8
2331,Vinnie,Remy,STRAWBERRIES,SEASHELLS,3995.0,10
2333,Vinnie,Rhianna,GIFT_BASKET,SEASHELLS,70962.0,1
2333,Vladimir,Rhianna,GIFT_BASKET,SEASHELLS,70961.0,1
2335,Remy,Vinnie,ROSES,SEASHELLS,14739.0,5
2337,Vinnie,Remy,STRAWBERRIES,SEASHELLS,3994.0,6
2344,Vinnie,Ruby,GIFT_BASKET,SEASHELLS,70997.0,1
2345,Vinnie,Remy,ROSES,SEASHELLS,14752.0,2
2353,Vinnie,Remy,ROSES,SEASHELLS,14738.0,3
2370,Vinnie,Remy,ROSES,SEASHELLS,14743.0,5
2380,Ruby,Vinnie,GIFT_BASKET,SEASHELLS,71005.0,1
2382,Remy,Vinnie,CHOCOLATE,SEASHELLS,7992.0,7
2382,Ruby,Vinnie,GIFT_BASKET,SEASHELLS,70992.0,2
2387,Remy,Vinnie,ROSES,SEASHELLS,14747.0,4
2387,Remy,Vinnie,STRAWBERRIES,SEASHELLS,3998.0,8
2388,Vinnie,Vladimir,STRAWBERRIES,SEASHELLS,3997.0,12
2390,Remy,Vinnie,CHOCOLATE,SEASHELLS,7996.0,5
2391,Vinnie,Vladimir,STRAWBERRIES,SEASHELLS,3996.0,4
2392,Vinnie,Vladimir,CHOCOLATE,SEASHELLS,7994.0,10
2393,Remy,Vinnie,STRAWBERRIES,SEASHELLS,3997.0,9
2403,Vinnie,Vladimir,STRAWBERRIES,SEASHELLS,3997.0,9
2405,Remy,Vinnie,CHOCOLATE,SEASHELLS,7998.0,8
2406,Vinnie,Vladimir,STRAWBERRIES,SEASHELLS,3998.0,3
2407,Remy,Vinnie,STRAWBERRIES,SEASHELLS,3999.0,6
2407,Vinnie,Vladimir,STRAWBERRIES,SEASHELLS,3998.0,5
2408,Vinnie,Remy,ROSES,SEASHELLS,14731.0,2
2409,Vinnie,Vladimir,STRAWBERRIES,SEASHELLS,3998.0,11
2409,Rhianna,Vinnie,GIFT_BASKET,SEASHELLS,71014.0,1
2413,Remy,Vinnie,ROSES,SEASHELLS,14730.0,1
2421,Remy,Vinnie,ROSES,SEASHELLS,14737.0,1
2422,Remy,Vinnie,ROSES,SEASHELLS,14730.0,3
2422,Vinnie,Vladimir,STRAWBERRIES,SEASHELLS,3998.0,4
2426,Remy,Vinnie,ROSES,SEASHELLS,14732.0,3
2440,Vinnie,Rhianna,GIFT_BASKET,SEASHELLS,70987.0,2
2440,Remy,Vinnie,CHOCOLATE,SEASHELLS,7997.0,7
2441,Remy,Vinnie,ROSES,SEASHELLS,14747.0,4
2444,Vinnie,Remy,CHOCOLATE,SEASHELLS,7993.0,5
2444,Vinnie,Remy,STRAWBERRIES,SEASHELLS,3997.0,8
2447,Vinnie,Remy,STRAWBERRIES,SEASHELLS,3997.0,6
2449,Remy,Vinnie,ROSES,SEASHELLS,14740.0,5
2457,Remy,Vinnie,STRAWBERRIES,SEASHELLS,3998.0,9
2459,Remy,Vinnie,CHOCOLATE,SEASHELLS,7993.0,8
2466,Vinnie,Remy,STRAWBERRIES,SEASHELLS,3998.0,7
2470,Vinnie,Vladimir,ROSES,SEASHELLS,14732.0,6
2470,Remy,Vinnie,ROSES,SEASHELLS,14733.0,2
2474,Vinnie,Remy,ROSES,SEASHELLS,14729.0,4
2477,Ruby,Vinnie,GIFT_BASKET,SEASHELLS,70968.0,6
2479,Vinnie,Rhianna,GIFT_BASKET,SEASHELLS,70979.0,2
2482,Remy,Vinnie,ROSES,SEASHELLS,14727.0,1
2484,Vinnie,Vladimir,ROSES,SEASHELLS,14727.0,6
2485,Remy,Vinnie,STRAWBERRIES,SEASHELLS,4001.0,10
2486,Vinnie,Remy,STRAWBERRIES,SEASHELLS,4000.0,7
2489,Remy,Vinnie,ROSES,SEASHELLS,14734.0,4
2493,Vinnie,Vladimir,STRAWBERRIES,SEASHELLS,4002.0,5
2494,Vinnie,Remy,CHOCOLATE,SEASHELLS,7986.0,5
2495,Vinnie,Remy,ROSES,SEASHELLS,14746.0,2
2496,Vinnie,Vladimir,STRAWBERRIES,SEASHELLS,4001.0,9
2496,Remy,Vinnie,ROSES,SEASHELLS,14747.0,1
2502,Vinnie,Vladimir,CHOCOLATE,SEASHELLS,7983.0,9
2503,Remy,Vinnie,ROSES,SEASHELLS,14745.0,2
2503,Remy,Vinnie,STRAWBERRIES,SEASHELLS,4003.0,5
2505,Vinnie,Remy,CHOCOLATE,SEASHELLS,7983.0,7
2510,Vinnie,Remy,STRAWBERRIES,SEASHELLS,4003.0,6
2514,Vinnie,Vladimir,STRAWBERRIES,SEASHELLS,4003.0,9
2525,Remy,Vinnie,ROSES,SEASHELLS,14742.0,3
2527,Vinnie,Vladimir,CHOCOLATE,SEASHELLS,7982.0,6
2528,Vinnie,Vladimir,STRAWBERRIES,SEASHELLS,4004.0,6
2531,Remy,Vinnie,CHOCOLATE,SEASHELLS,7987.0,5
2531,Vinnie,Vladimir,STRAWBERRIES,SEASHELLS,4003.0,6
2535,Remy,Vinnie,CHOCOLATE,SEASHELLS,7987.0,7
2537,Ruby,Vinnie,GIFT_BASKET,SEASHELLS,70979.0,1
2541,Remy,Vinnie,STRAWBERRIES,SEASHELLS,4003.0,9
2541,Remy,Vinnie,ROSES,SEASHELLS,14736.0,3
2543,Vladimir,Ruby,GIFT_BASKET,SEASHELLS,71003.0,9
2551,Vinnie,Vladimir,STRAWBERRIES,SEASHELLS,4002.0,9
2553,Vinnie,Remy,CHOCOLATE,SEASHELLS,7989.0,7
2555,Ruby,Vladimir,GIFT_BASKET,SEASHELLS,71061.0,5
2557,Vinnie,Remy,STRAWBERRIES,SEASHELLS,4003.0,9
2563,Vinnie,Remy,ROSES,SEASHELLS,14728.0,1
2564,Remy,Vinnie,CHOCOLATE,SEASHELLS,7988.0,6
2566,Rhianna,Vinnie,GIFT_BASKET,SEASHELLS,71058.0,1
2567,Remy,Vinnie,STRAWBERRIES,SEASHELLS,4004.0,5
2569,Vinnie,Remy,CHOCOLATE,SEASHELLS,7987.0,7
2570,Remy,Vinnie,STRAWBERRIES,SEASHELLS,4004.0,6
2571,Remy,Vinnie,CHOCOLATE,SEASHELLS,7986.0,7
2572,Vinnie,Vladimir,CHOCOLATE,SEASHELLS,7984.0,5
2574,Vinnie,Remy,ROSES,SEASHELLS,14749.0,2
2575,Remy,Vinnie,CHOCOLATE,SEASHELLS,7988.0,5
2576,Remy,Vinnie,STRAWBERRIES,SEASHELLS,4004.0,10
2577,Remy,Vinnie,STRAWBERRIES,SEASHELLS,4004.0,5
2581,Vladimir,Vinnie,GIFT_BASKET,SEASHELLS,71024.0,1
2582,Vinnie,Vladimir,STRAWBERRIES,SEASHELLS,4002.0,10
2583,Vinnie,Remy,ROSES,SEASHELLS,14757.0,5
2589,Vinnie,Vladimir,STRAWBERRIES,SEASHELLS,4003.0,11
2594,Vinnie,Vladimir,CHOCOLATE,SEASHELLS,7990.0,5
2595,Vinnie,Remy,ROSES,SEASHELLS,14755.0,5
2607,Ruby,Vladimir,GIFT_BASKET,SEASHELLS,71051.0,5
2610,Vladimir,Rhianna,GIFT_BASKET,SEASHELLS,71026.0,2
2610,Remy,Vinnie,STRAWBERRIES,SEASHELLS,4005.0,6
2612,Vinnie,Vladimir,STRAWBERRIES,SEASHELLS,4004.0,11
2614,Remy,Vinnie,STRAWBERRIES,SEASHELLS,4005.0,6
2618,Remy,Vinnie,ROSES,SEASHELLS,14752.0,1
2620,Vinnie,Remy,STRAWBERRIES,SEASHELLS,4003.0,9
2621,Vinnie,Remy,ROSES,SEASHELLS,14748.0,1
2621,Vinnie,Vladimir,ROSES,SEASHELLS,14748.0,7
2622,Remy,Vinnie,STRAWBERRIES,SEASHELLS,4005.0,4
2625,Vinnie,Remy,STRAWBERRIES,SEASHELLS,4004.0,8
2629,Remy,Vinnie,CHOCOLATE,SEASHELLS,7985.0,8
2630,Vinnie,Vladimir,ROSES,SEASHELLS,14741.0,4
2632,Vinnie,Remy,STRAWBERRIES,SEASHELLS,4004.0,9
2633,Vinnie,Remy,ROSES,SEASHELLS,14749.0,2
2633,Remy,Vinnie,CHOCOLATE,SEASHELLS,7985.0,5
2636,Vinnie,Vladimir,ROSES,SEASHELLS,14751.0,4
2641,Vinnie,Vladimir,CHOCOLATE,SEASHELLS,7981.0,10
2642,Remy,Vinnie,CHOCOLATE,SEASHELLS,7982.0,5
2644,Remy,Vinnie,ROSES,SEASHELLS,14763.0,5
2644,Remy,Vinnie,STRAWBERRIES,SEASHELLS,4005.0,9
2646,Remy,Vinnie,ROSES,SEASHELLS,14763.0,1
2648,Remy,Vinnie,ROSES,SEASHELLS,14763.0,3
2656,Vinnie,Vladimir,CHOCOLATE,SEASHELLS,7981.0,6
2657,Vinnie,Remy,ROSES,SEASHELLS,14775.0,3
2660,Remy,Vinnie,STRAWBERRIES,SEASHELLS,4005.0,10
2660,Remy,Vinnie,ROSES,SEASHELLS,14783.0,5
2661,Vinnie,Rhianna,GIFT_BASKET,SEASHELLS,71044.0,1
2661,Vladimir,Rhianna,GIFT_BASKET,SEASHELLS,71043.0,4
2662,Ruby,Vinnie,GIFT_BASKET,SEASHELLS,71058.0,2
2664,Remy,Vinnie,CHOCOLATE,SEASHELLS,7986.0,6
2665,Vinnie,Vladimir,STRAWBERRIES,SEASHELLS,4003.0,4
2668,Vinnie,Remy,ROSES,SEASHELLS,14791.0,3
2670,Remy,Vinnie,CHOCOLATE,SEASHELLS,7986.0,5
2673,Vinnie,Remy,ROSES,SEASHELLS,14784.0,3
2678,Remy,Vinnie,CHOCOLATE,SEASHELLS,7992.0,7
2679,Remy,Vinnie,ROSES,SEASHELLS,14797.0,4
2681,Remy,Vinnie,CHOCOLATE,SEASHELLS,7991.0,5
2681,Vinnie,Vladimir,STRAWBERRIES,SEASHELLS,4003.0,12
2682,Vinnie,Remy,CHOCOLATE,SEASHELLS,7989.0,7
2685,Remy,Vinnie,STRAWBERRIES,SEASHELLS,4003.0,7
2685,Vinnie,Remy,CHOCOLATE,SEASHELLS,7989.0,7
2689,Remy,Vinnie,ROSES,SEASHELLS,14776.0,4
2691,Vinnie,Remy,CHOCOLATE,SEASHELLS,7991.0,7
2693,Vinnie,Remy,STRAWBERRIES,SEASHELLS,4002.0,5
2698,Vinnie,Remy,ROSES,SEASHELLS,14786.0,5
2700,Vinnie,Remy,ROSES,SEASHELLS,14784.0,4
2702,Vinnie,Remy,CHOCOLATE,SEASHELLS,7995.0,6
2704,Vinnie,Remy,ROSES,SEASHELLS,14779.0,3
2708,Vinnie,Remy,CHOCOLATE,SEASHELLS,7994.0,7
2709,Remy,Vinnie,ROSES,SEASHELLS,14778.0,2
2710,Remy,Vinnie,CHOCOLATE,SEASHELLS,7996.0,6
2711,Vinnie,Remy,CHOCOLATE,SEASHELLS,7997.0,6
2714,Vinnie,Vladimir,CHOCOLATE,SEASHELLS,7999.0,6
2716,Remy,Vinnie,CHOCOLATE,SEASHELLS,8000.0,6
2716,Remy,Vinnie,ROSES,SEASHELLS,14780.0,4
2718,Remy,Vinnie,CHOCOLATE,SEASHELLS,7998.0,8
2721,Vinnie,Rhianna,GIFT_BASKET,SEASHELLS,71020.0,1
2721,Vladimir,Rhianna,GIFT_BASKET,SEASHELLS,71019.0,6
2729,Vinnie,Remy,STRAWBERRIES,SEASHELLS,3998.0,6
2730,Vinnie,Remy,CHOCOLATE,SEASHELLS,7994.0,7
2734,Vinnie,Remy,CHOCOLATE,SEASHELLS,7992.0,8
2738,Vinnie,Remy,ROSES,SEASHELLS,14761.0,3
2739,Vinnie,Remy,STRAWBERRIES,SEASHELLS,3998.0,9
2744,Vinnie,Remy,STRAWBERRIES,SEASHELLS,3998.0,8
2748,Remy,Vinnie,ROSES,SEASHELLS,14758.0,2
2753,Remy,Vinnie,CHOCOLATE,SEASHELLS,7987.0,6
2753,Vinnie,Vladimir,STRAWBERRIES,SEASHELLS,3999.0,9
2754,Vinnie,Remy,ROSES,SEASHELLS,14757.0,3
2757,Vinnie,Remy,ROSES,SEASHELLS,14747.0,4
2759,Remy,Vinnie,ROSES,SEASHELLS,14746.0,1
2759,Vinnie,Remy,CHOCOLATE,SEASHELLS,7985.0,7
2763,Vinnie,Remy,ROSES,SEASHELLS,14738.0,5
2764,Remy,Vinnie,ROSES,SEASHELLS,14737.0,3
2765,Vinnie,Remy,STRAWBERRIES,SEASHELLS,3999.0,10
2766,Vinnie,Remy,STRAWBERRIES,SEASHELLS,4000.0,10
2769,Remy,Vinnie,ROSES,SEASHELLS,14741.0,3
2774,Remy,Vinnie,ROSES,SEASHELLS,14748.0,1
2774,Vinnie,Remy,CHOCOLATE,SEASHELLS,7987.0,6
2781,Remy,Vinnie,ROSES,SEASHELLS,14753.0,4
2782,Vinnie,Remy,CHOCOLATE,SEASHELLS,7991.0,7
2784,Vinnie,Remy,CHOCOLATE,SEASHELLS,7989.0,7
2785,Remy,Vinnie,STRAWBERRIES,SEASHELLS,4000.0,4
2790,Remy,Vinnie,STRAWBERRIES,SEASHELLS,3999.0,10
2792,Vinnie,Vladimir,STRAWBERRIES,SEASHELLS,3998.0,4
2796,Vinnie,Remy,STRAWBERRIES,SEASHELLS,3997.0,9
2797,Rhianna,Vinnie,GIFT_BASKET,SEASHELLS,70929.0,2
2797,Rhianna,Vladimir,GIFT_BASKET,SEASHELLS,70929.0,2
2810,Vinnie,Remy,ROSES,SEASHELLS,14762.0,2
2812,Vinnie,Vladimir,STRAWBERRIES,SEASHELLS,3995.0,11
2814,Remy,Vinnie,ROSES,SEASHELLS,14748.0,2
2817,Vinnie,Ruby,GIFT_BASKET,SEASHELLS,70850.0,2
2817,Vinnie,Remy,CHOCOLATE,SEASHELLS,7989.0,5
2817,Vinnie,Remy,ROSES,SEASHELLS,14747.0,5
2819,Remy,Vinnie,ROSES,SEASHELLS,14746.0,4
2822,Vinnie,Remy,ROSES,SEASHELLS,14750.0,2
2824,Remy,Vinnie,STRAWBERRIES,SEASHELLS,3996.0,8
2826,Vinnie,Remy,STRAWBERRIES,SEASHELLS,3994.0,6
2827,Vinnie,Remy,CHOCOLATE,SEASHELLS,7993.0,7
2833,Remy,Vinnie,ROSES,SEASHELLS,14734.0,1
2836,Remy,Vinnie,STRAWBERRIES,SEASHELLS,3996.0,5
2838,Remy,Vinnie,STRAWBERRIES,SEASHELLS,3996.0,8
2849,Vinnie,Remy,STRAWBERRIES,SEASHELLS,3994.0,4
2852,Vinnie,Vladimir,STRAWBERRIES,SEASHELLS,3994.0,11
2855,Remy,Vinnie,ROSES,SEASHELLS,14733.0,4
2857,Remy,Vinnie,CHOCOLATE,SEASHELLS,8000.0,6
2857,Vinnie,Remy,ROSES,SEASHELLS,14731.0,1
2858,Remy,Vinnie,ROSES,SEASHELLS,14737.0,2
2867,Remy,Vinnie,CHOCOLATE,SEASHELLS,7994.0,5
2878,Vinnie,Remy,CHOCOLATE,SEASHELLS,7997.0,7
2881,Remy,Vinnie,ROSES,SEASHELLS,14740.0,3
2884,Ruby,Vinnie,GIFT_BASKET,SEASHELLS,70910.0,2
2885,Vinnie,Remy,STRAWBERRIES,SEASHELLS,3992.0,7
2886,Rhianna,Vinnie,GIFT_BASKET,SEASHELLS,70909.0,6
2887,Remy,Vinnie,ROSES,SEASHELLS,14739.0,1
2888,Remy,Vinnie,STRAWBERRIES,SEASHELLS,3994.0,5
2889,Remy,Vinnie,CHOCOLATE,SEASHELLS,7998.0,5
2891,Vladimir,Rhianna,GIFT_BASKET,SEASHELLS,70895.0,4
2892,Remy,Vinnie,CHOCOLATE,SEASHELLS,7998.0,7
2897,Remy,Vinnie,ROSES,SEASHELLS,14732.0,3
2898,Vinnie,Vladimir,ROSES,SEASHELLS,14723.0,5
2900,Rhianna,Vinnie,GIFT_BASKET,SEASHELLS,70871.0,1
2900,Rhianna,Vladimir,GIFT_BASKET,SEASHELLS,70871.0,7
2915,Vinnie,Remy,ROSES,SEASHELLS,14725.0,5
2917,Vinnie,Vladimir,STRAWBERRIES,SEASHELLS,3988.0,12
2921,Vinnie,Remy,ROSES,SEASHELLS,14722.0,2
2925,Rhianna,Vladimir,GIFT_BASKET,SEASHELLS,70869.0,5
2925,Remy,Vinnie,ROSES,SEASHELLS,14727.0,3
2925,Rhianna,Vinnie,GIFT_BASKET,SEASHELLS,70869.0,1
2930,Vinnie,Remy,CHOCOLATE,SEASHELLS,7995.0,5
2935,Vinnie,Remy,STRAWBERRIES,SEASHELLS,3987.0,8
2936,Remy,Vinnie,ROSES,SEASHELLS,14735.0,3
2940,Remy,Vinnie,STRAWBERRIES,SEASHELLS,3989.0,5
2941,Remy,Vinnie,STRAWBERRIES,SEASHELLS,3989.0,7
2943,Remy,Vinnie,ROSES,SEASHELLS,14741.0,2
2944,Remy,Vinnie,STRAWBERRIES,SEASHELLS,3989.0,10
2946,Ruby,Vinnie,GIFT_BASKET,SEASHELLS,70906.0,1
2950,Vinnie,Vladimir,STRAWBERRIES,SEASHELLS,3988.0,3
2950,Remy,Vinnie,STRAWBERRIES,SEASHELLS,3989.0,6
2952,Remy,Vinnie,ROSES,SEASHELLS,14731.0,1
2954,Remy,Vinnie,ROSES,SEASHELLS,14733.0,2
2958,Vinnie,Remy,ROSES,SEASHELLS,14723.0,4
2958,Vinnie,Vladimir,CHOCOLATE,SEASHELLS,7992.0,8
2958,Remy,Vinnie,STRAWBERRIES,SEASHELLS,3989.0,9
2959,Vinnie,Remy,ROSES,SEASHELLS,14724.0,1
2959,Vinnie,Remy,STRAWBERRIES,SEASHELLS,3987.0,9
2960,Vinnie,Vladimir,STRAWBERRIES,SEASHELLS,3988.0,12
2963,Vinnie,Remy,ROSES,SEASHELLS,14732.0,4
2965,Vinnie,Remy,CHOCOLATE,SEASHELLS,7996.0,7
2966,Vinnie,Remy,ROSES,SEASHELLS,14733.0,2
2975,Vinnie,Remy,STRAWBERRIES,SEASHELLS,3987.0,8
2975,Vinnie,Remy,CHOCOLATE,SEASHELLS,8000.0,7
2979,Remy,Vinnie,STRAWBERRIES,SEASHELLS,3987.0,5
2981,Vinnie,Remy,CHOCOLATE,SEASHELLS,8004.0,6
2988,Vinnie,Remy,CHOCOLATE,SEASHELLS,8004.0,5
2993,Vinnie,Remy,STRAWBERRIES,SEASHELLS,3985.0,7
2994,Ruby,Vinnie,GIFT_BASKET,SEASHELLS,70915.0,1
3004,Vinnie,Remy,ROSES,SEASHELLS,14703.0,1
3005,Vinnie,Remy,CHOCOLATE,SEASHELLS,8009.0,8
3006,Vinnie,Vladimir,ROSES,SEASHELLS,14704.0,6
3010,Vinnie,Remy,CHOCOLATE,SEASHELLS,8012.0,7
3016,Rhianna,Vladimir,GIFT_BASKET,SEASHELLS,70901.0,7
3016,Vinnie,Vladimir,CHOCOLATE,SEASHELLS,8016.0,9
3021,Vinnie,Remy,ROSES,SEASHELLS,14696.0,2
3022,Ruby,Vinnie,GIFT_BASKET,SEASHELLS,70886.0,1
3023,Vinnie,Vladimir,STRAWBERRIES,SEASHELLS,3985.0,6
3030,Vinnie,Remy,STRAWBERRIES,SEASHELLS,3985.0,10
3030,Vinnie,Vladimir,STRAWBERRIES,SEASHELLS,3985.0,9
3030,Rhianna,Vinnie,GIFT_BASKET,SEASHELLS,70934.0,1
3030,Remy,Vinnie,CHOCOLATE,SEASHELLS,8017.0,6
3032,Remy,Vinnie,STRAWBERRIES,SEASHELLS,3986.0,7
3034,Vinnie,Remy,CHOCOLATE,SEASHELLS,8014.0,7
3037,Remy,Vinnie,STRAWBERRIES,SEASHELLS,3986.0,7
3038,Remy,Vinnie,ROSES,SEASHELLS,14707.0,3
3043,Vinnie,Vladimir,ROSES,SEASHELLS,14701.0,4
3043,Remy,Vinnie,ROSES,SEASHELLS,14702.0,2
3044,Vinnie,Remy,STRAWBERRIES,SEASHELLS,3984.0,5
3044,Remy,Vinnie,ROSES,SEASHELLS,14699.0,2
3048,Remy,Vinnie,CHOCOLATE,SEASHELLS,8011.0,8
3050,Vinnie,Vladimir,STRAWBERRIES,SEASHELLS,3984.0,8
3055,Vinnie,Remy,STRAWBERRIES,SEASHELLS,3984.0,8
3057,Remy,Vinnie,STRAWBERRIES,SEASHELLS,3985.0,6
3062,Vinnie,Remy,CHOCOLATE,SEASHELLS,8012.0,6
3065,Remy,Vinnie,STRAWBERRIES,SEASHELLS,3988.0,5
3070,Vinnie,Remy,CHOCOLATE,SEASHELLS,8013.0,5
3072,Vladimir,Ruby,GIFT_BASKET,SEASHELLS,70930.0,5
3073,Remy,Vinnie,ROSES,SEASHELLS,14720.0,5
3081,Remy,Vinnie,ROSES,SEASHELLS,14712.0,3
3087,Remy,Vinnie,CHOCOLATE,SEASHELLS,8023.0,7
3096,Remy,Vladimir,STRAWBERRIES,SEASHELLS,3988.0,7
3097,Vinnie,Remy,CHOCOLATE,SEASHELLS,8018.0,7
3099,Remy,Vinnie,STRAWBERRIES,SEASHELLS,3987.0,8
3103,Remy,Vinnie,ROSES,SEASHELLS,14728.0,5
3105,Remy,Vinnie,ROSES,SEASHELLS,14727.0,3
3107,Remy,Vinnie,ROSES,SEASHELLS,14731.0,2
3110,Vinnie,Remy,ROSES,SEASHELLS,14735.0,2
3111,Vinnie,Remy,CHOCOLATE,SEASHELLS,8018.0,8
3112,Vinnie,Remy,CHOCOLATE,SEASHELLS,8017.0,6
3114,Vinnie,Rhianna,GIFT_BASKET,SEASHELLS,70974.0,1
3114,Vladimir,Rhianna,GIFT_BASKET,SEASHELLS,70973.0,3
3114,Remy,Vinnie,CHOCOLATE,SEASHELLS,8017.0,5
3121,Remy,Vinnie,ROSES,SEASHELLS,14737.0,4
3122,Remy,Vinnie,CHOCOLATE,SEASHELLS,8018.0,5
3123,Remy,Vinnie,ROSES,SEASHELLS,14736.0,2
3124,Remy,Vinnie,ROSES,SEASHELLS,14732.0,5
3127,Vinnie,Rhianna,GIFT_BASKET,SEASHELLS,70987.0,5
3127,Vinnie,Rhianna,GIFT_BASKET,SEASHELLS,70982.0,1
3128,Remy,Vinnie,CHOCOLATE,SEASHELLS,8016.0,5
3135,Vinnie,Vladimir,STRAWBERRIES,SEASHELLS,3989.0,7
3137,Vinnie,Remy,CHOCOLATE,SEASHELLS,8013.0,5
3143,Vinnie,Remy,CHOCOLATE,SEASHELLS,8017.0,6
3145,Vinnie,Remy,ROSES,SEASHELLS,14739.0,2
3149,Vinnie,Remy,ROSES,SEASHELLS,14741.0,4
3152,Remy,Vinnie,STRAWBERRIES,SEASHELLS,3992.0,5
3153,Remy,Vinnie,CHOCOLATE,SEASHELLS,8023.0,6
3158,Remy,Vinnie,CHOCOLATE,SEASHELLS,8022.0,8
3159,Vinnie,Vladimir,CHOCOLATE,SEASHELLS,8023.0,9
3160,Remy,Vinnie,STRAWBERRIES,SEASHELLS,3993.0,4
3161,Vinnie,Remy,ROSES,SEASHELLS,14751.0,4
3162,Vinnie,Vladimir,STRAWBERRIES,SEASHELLS,3993.0,8
3166,Ruby,Vinnie,GIFT_BASKET,SEASHELLS,71118.0,2
3166,Vinnie,Remy,STRAWBERRIES,SEASHELLS,3993.0,4
3169,Vinnie,Remy,STRAWBERRIES,SEASHELLS,3992.0,6
3172,Remy,Vinnie,STRAWBERRIES,SEASHELLS,3994.0,10
3173,Vinnie,Remy,ROSES,SEASHELLS,14756.0,3
3175,Vinnie,Remy,STRAWBERRIES,SEASHELLS,3992.0,5
3176,Remy,Vinnie,CHOCOLATE,SEASHELLS,8029.0,8
3178,Vladimir,Rhianna,GIFT_BASKET,SEASHELLS,71141.0,1
3178,Vinnie,Rhianna,GIFT_BASKET,SEASHELLS,71142.0,1
3179,Vinnie,Vladimir,CHOCOLATE,SEASHELLS,8029.0,6
3181,Vinnie,Remy,STRAWBERRIES,SEASHELLS,3992.0,8
3182,Rhianna,Vladimir,GIFT_BASKET,SEASHELLS,71152.0,6
3183,Remy,Vinnie,ROSES,SEASHELLS,14757.0,2
3184,Vinnie,Vladimir,CHOCOLATE,SEASHELLS,8028.0,5
3184,Remy,Vinnie,STRAWBERRIES,SEASHELLS,3994.0,6
3184,Vinnie,Vladimir,STRAWBERRIES,SEASHELLS,3993.0,5
3185,Vinnie,Remy,STRAWBERRIES,SEASHELLS,3993.0,9
3191,Vinnie,Vladimir,CHOCOLATE,SEASHELLS,8024.0,9
3192,Remy,Vinnie,ROSES,SEASHELLS,14774.0,3
3192,Remy,Vinnie,STRAWBERRIES,SEASHELLS,3996.0,10
3200,Vinnie,Remy,STRAWBERRIES,SEASHELLS,3996.0,5
3201,Vinnie,Remy,CHOCOLATE,SEASHELLS,8020.0,6
3201,Vinnie,Ruby,GIFT_BASKET,SEASHELLS,71161.0,1
3202,Vinnie,Remy,STRAWBERRIES,SEASHELLS,3996.0,4
3203,Vinnie,Remy,CHOCOLATE,SEASHELLS,8021.0,5
3203,Vinnie,Remy,STRAWBERRIES,SEASHELLS,3996.0,7
3205,Remy,Vinnie,CHOCOLATE,SEASHELLS,8022.0,7
3206,Remy,Vinnie,CHOCOLATE,SEASHELLS,8023.0,8
3208,Vinnie,Remy,ROSES,SEASHELLS,14792.0,2
3215,Remy,Vinnie,CHOCOLATE,SEASHELLS,8020.0,8
3217,Remy,Vinnie,ROSES,SEASHELLS,14810.0,2
3222,Vinnie,Remy,ROSES,SEASHELLS,14811.0,5
3225,Vinnie,Remy,CHOCOLATE,SEASHELLS,8023.0,8
3230,Remy,Vinnie,CHOCOLATE,SEASHELLS,8028.0,6
3232,Remy,Vinnie,STRAWBERRIES,SEASHELLS,4001.0,8
3237,Remy,Vinnie,ROSES,SEASHELLS,14806.0,1
3238,Vinnie,Remy,ROSES,SEASHELLS,14805.0,2
3246,Vinnie,Vladimir,STRAWBERRIES,SEASHELLS,4000.0,7
3247,Remy,Vinnie,CHOCOLATE,SEASHELLS,8026.0,8
3249,Rhianna,Vladimir,GIFT_BASKET,SEASHELLS,71311.0,1
3249,Rhianna,Vinnie,GIFT_BASKET,SEASHELLS,71311.0,2
3252,Vinnie,Remy,STRAWBERRIES,SEASHELLS,4001.0,5
3257,Vinnie,Vladimir,STRAWBERRIES,SEASHELLS,4000.0,9
3257,Vinnie,Remy,ROSES,SEASHELLS,14799.0,3
3262,Vinnie,Remy,STRAWBERRIES,SEASHELLS,3999.0,9
3262,Vinnie,Vladimir,CHOCOLATE,SEASHELLS,8016.0,10
3263,Vinnie,Remy,ROSES,SEASHELLS,14792.0,5
3264,Vinnie,Remy,STRAWBERRIES,SEASHELLS,3999.0,10
3265,Vinnie,Remy,ROSES,SEASHELLS,14791.0,3
3265,Vinnie,Remy,STRAWBERRIES,SEASHELLS,4000.0,8
3269,Vinnie,Remy,ROSES,SEASHELLS,14791.0,3
3270,Vinnie,Vladimir,STRAWBERRIES,SEASHELLS,4000.0,11
3270,Ruby,Vladimir,GIFT_BASKET,SEASHELLS,71280.0,5
3271,Vinnie,Vladimir,CHOCOLATE,SEASHELLS,8020.0,7
3272,Vinnie,Remy,ROSES,SEASHELLS,14799.0,4
3274,Vinnie,Vladimir,STRAWBERRIES,SEASHELLS,3999.0,4
3278,Vinnie,Remy,STRAWBERRIES,SEASHELLS,3998.0,6
3279,Vinnie,Remy,CHOCOLATE,SEASHELLS,8022.0,6
3284,Remy,Vinnie,STRAWBERRIES,SEASHELLS,4001.0,9
3285,Remy,Vinnie,STRAWBERRIES,SEASHELLS,4001.0,10
3286,Vinnie,Remy,CHOCOLATE,SEASHELLS,8024.0,7
3286,Vinnie,Vladimir,ROSES,SEASHELLS,14793.0,9
3287,Remy,Vinnie,ROSES,SEASHELLS,14792.0,4
3289,Vinnie,Vladimir,CHOCOLATE,SEASHELLS,8022.0,8
3297,Remy,Vinnie,STRAWBERRIES,SEASHELLS,4002.0,7
3298,Vinnie,Remy,ROSES,SEASHELLS,14796.0,4
3301,Vinnie,Remy,STRAWBERRIES,SEASHELLS,4000.0,10
3306,Remy,Vinnie,ROSES,SEASHELLS,14788.0,4
3308,Vinnie,Remy,ROSES,SEASHELLS,14782.0,3
3311,Remy,Vinnie,ROSES,SEASHELLS,14779.0,3
3313,Vinnie,Remy,ROSES,SEASHELLS,14784.0,1
3313,Remy,Vinnie,CHOCOLATE,SEASHELLS,8024.0,8
3316,Remy,Vinnie,CHOCOLATE,SEASHELLS,8028.0,7
3323,Vinnie,Vladimir,STRAWBERRIES,SEASHELLS,4005.0,12
3328,Ruby,Vinnie,GIFT_BASKET,SEASHELLS,71321.0,2
3329,Vinnie,Vladimir,CHOCOLATE,SEASHELLS,8020.0,6
3329,Vladimir,Rhianna,GIFT_BASKET,SEASHELLS,71312.0,3
3329,Vinnie,Rhianna,GIFT_BASKET,SEASHELLS,71313.0,1
3330,Remy,Vinnie,ROSES,SEASHELLS,14780.0,3
3330,Vinnie,Vladimir,STRAWBERRIES,SEASHELLS,4006.0,9
3337,Remy,Vinnie,CHOCOLATE,SEASHELLS,8020.0,7
3337,Vinnie,Remy,STRAWBERRIES,SEASHELLS,4005.0,8
3340,Vinnie,Remy,CHOCOLATE,SEASHELLS,8018.0,6
3341,Remy,Vinnie,STRAWBERRIES,SEASHELLS,4006.0,4
3344,Remy,Vinnie,CHOCOLATE,SEASHELLS,8022.0,7
3345,Vinnie,Remy,ROSES,SEASHELLS,14778.0,2
3346,Remy,Vinnie,CHOCOLATE,SEASHELLS,8021.0,8
3349,Vinnie,Remy,STRAWBERRIES,SEASHELLS,4005.0,7
3354,Vinnie,Vladimir,ROSES,SEASHELLS,14779.0,7
3354,Remy,Vinnie,ROSES,SEASHELLS,14781.0,5
3360,Vinnie,Vladimir,ROSES,SEASHELLS,14781.0,6
3361,Vinnie,Vladimir,CHOCOLATE,SEASHELLS,8020.0,7
3363,Vinnie,Ruby,GIFT_BASKET,SEASHELLS,71314.0,2
3367,Remy,Vinnie,STRAWBERRIES,SEASHELLS,4007.0,8
3381,Remy,Vinnie,CHOCOLATE,SEASHELLS,8018.0,8
3382,Ruby,Vinnie,GIFT_BASKET,SEASHELLS,71275.0,2
3388,Vinnie,Remy,CHOCOLATE,SEASHELLS,8018.0,6
3389,Vinnie,Ruby,GIFT_BASKET,SEASHELLS,71257.0,2
3391,Vladimir,Rhianna,GIFT_BASKET,SEASHELLS,71251.0,2
3393,Remy,Vinnie,STRAWBERRIES,SEASHELLS,4011.0,4
3395,Remy,Vinnie,ROSES,SEASHELLS,14799.0,1
3395,Vinnie,Remy,STRAWBERRIES,SEASHELLS,4009.0,5
3397,Vladimir,Ruby,GIFT_BASKET,SEASHELLS,71290.0,7
3397,Vinnie,Remy,CHOCOLATE,SEASHELLS,8022.0,5
3397,Vinnie,Vladimir,STRAWBERRIES,SEASHELLS,4011.0,9
3400,Remy,Vladimir,CHOCOLATE,SEASHELLS,8022.0,4
3401,Vinnie,Remy,ROSES,SEASHELLS,14785.0,5
3404,Remy,Vinnie,CHOCOLATE,SEASHELLS,8021.0,7
3410,Vinnie,Remy,STRAWBERRIES,SEASHELLS,4010.0,6
3414,Vinnie,Remy,STRAWBERRIES,SEASHELLS,4011.0,8
3418,Remy,Vinnie,CHOCOLATE,SEASHELLS,8019.0,8
3420,Vinnie,Remy,ROSES,SEASHELLS,14788.0,5
3420,Vinnie,Remy,STRAWBERRIES,SEASHELLS,4011.0,7
3423,Vinnie,Vladimir,STRAWBERRIES,SEASHELLS,4011.0,6
3424,Vinnie,Vladimir,CHOCOLATE,SEASHELLS,8019.0,6
3429,Vinnie,Remy,STRAWBERRIES,SEASHELLS,4012.0,6
3433,Vinnie,Remy,ROSES,SEASHELLS,14781.0,5
3439,Vinnie,Remy,STRAWBERRIES,SEASHELLS,4013.0,4
3447,Remy,Vinnie,CHOCOLATE,SEASHELLS,8010.0,7
3448,Remy,Vinnie,CHOCOLATE,SEASHELLS,8009.0,7
3452,Rhianna,Vinnie,GIFT_BASKET,SEASHELLS,71250.0,2
3452,Rhianna,Vladimir,GIFT_BASKET,SEASHELLS,71250.0,3
3457,Remy,Vinnie,CHOCOLATE,SEASHELLS,8009.0,5
3458,Remy,Vinnie,CHOCOLATE,SEASHELLS,8008.0,8
3461,Remy,Vinnie,ROSES,SEASHELLS,14775.0,5
3462,Remy,Vinnie,STRAWBERRIES,SEASHELLS,4012.0,7
3462,Vinnie,Remy,CHOCOLATE,SEASHELLS,8004.0,5
3463,Remy,Vinnie,ROSES,SEASHELLS,14779.0,3
3466,Vinnie,Remy,ROSES,SEASHELLS,14780.0,3
3468,Vinnie,Vladimir,STRAWBERRIES,SEASHELLS,4010.0,5
3469,Remy,Vinnie,STRAWBERRIES,SEASHELLS,4012.0,4
3470,Vinnie,Remy,ROSES,SEASHELLS,14794.0,3
3473,Vinnie,Remy,STRAWBERRIES,SEASHELLS,4009.0,9
3474,Remy,Vinnie,STRAWBERRIES,SEASHELLS,4011.0,5
3476,Vinnie,Vladimir,STRAWBERRIES,SEASHELLS,4009.0,4
3479,Remy,Vinnie,ROSES,SEASHELLS,14791.0,5
3479,Vinnie,Remy,STRAWBERRIES,SEASHELLS,4009.0,6
3481,Vinnie,Remy,CHOCOLATE,SEASHELLS,8011.0,5
3487,Vinnie,Remy,ROSES,SEASHELLS,14788.0,5
3490,Rhianna,Vladimir,GIFT_BASKET,SEASHELLS,71308.0,6
3493,Remy,Vinnie,ROSES,SEASHELLS,14780.0,3
3494,Remy,Vinnie,STRAWBERRIES,SEASHELLS,4011.0,4
3499,Remy,Vinnie,STRAWBERRIES,SEASHELLS,4012.0,7
3501,Remy,Vinnie,CHOCOLATE,SEASHELLS,8011.0,8
3501,Remy,Vinnie,ROSES,SEASHELLS,14779.0,5
3503,Vinnie,Remy,CHOCOLATE,SEASHELLS,8010.0,5
3504,Vinnie,Remy,STRAWBERRIES,SEASHELLS,4010.0,6
3514,Vinnie,Remy,STRAWBERRIES,SEASHELLS,4012.0,6
3520,Vinnie,Remy,STRAWBERRIES,SEASHELLS,4013.0,8
3522,Vinnie,Remy,STRAWBERRIES,SEASHELLS,4014.0,10
3529,Vinnie,Remy,STRAWBERRIES,SEASHELLS,4013.0,5
3529,Vinnie,Vladimir,STRAWBERRIES,SEASHELLS,4013.0,10
3538,Rhianna,Vladimir,GIFT_BASKET,SEASHELLS,71239.0,3
3538,Rhianna,Vinnie,GIFT_BASKET,SEASHELLS,71239.0,2
3540,Vinnie,Remy,STRAWBERRIES,SEASHELLS,4013.0,4
3549,Vinnie,Vladimir,STRAWBERRIES,SEASHELLS,4013.0,11
3550,Remy,Vinnie,STRAWBERRIES,SEASHELLS,4014.0,9
3550,Vinnie,Remy,ROSES,SEASHELLS,14749.0,1
3554,Vinnie,Vladimir,STRAWBERRIES,SEASHELLS,4013.0,5
3555,Remy,Vinnie,STRAWBERRIES,SEASHELLS,4015.0,5
3561,Vinnie,Vladimir,STRAWBERRIES,SEASHELLS,4014.0,10
3562,Ruby,Vinnie,GIFT_BASKET,SEASHELLS,71166.0,2
3572,Vinnie,Remy,CHOCOLATE,SEASHELLS,8003.0,8
3573,Vinnie,Vladimir,ROSES,SEASHELLS,14748.0,9
3574,Vinnie,Remy,CHOCOLATE,SEASHELLS,8002.0,7
3574,Remy,Vinnie,ROSES,SEASHELLS,14749.0,5
3579,Vinnie,Remy,ROSES,SEASHELLS,14751.0,2
3579,Rhianna,Vinnie,GIFT_BASKET,SEASHELLS,71191.0,2
3586,Rhianna,Vinnie,GIFT_BASKET,SEASHELLS,71168.0,2
3586,Rhianna,Vladimir,GIFT_BASKET,SEASHELLS,71168.0,3
3586,Vinnie,Vladimir,STRAWBERRIES,SEASHELLS,4015.0,4
3590,Vinnie,Vladimir,STRAWBERRIES,SEASHELLS,4015.0,6
3593,Vladimir,Rhianna,GIFT_BASKET,SEASHELLS,71159.0,1
3593,Vinnie,Remy,ROSES,SEASHELLS,14750.0,4
3593,Vinnie,Rhianna,GIFT_BASKET,SEASHELLS,71165.0,4
3593,Vinnie,Vladimir,CHOCOLATE,SEASHELLS,7999.0,7
3596,Remy,Vinnie,ROSES,SEASHELLS,14759.0,4
3599,Vinnie,Vladimir,CHOCOLATE,SEASHELLS,8002.0,8
3600,Vinnie,Remy,CHOCOLATE,SEASHELLS,8003.0,7
3604,Remy,Vinnie,ROSES,SEASHELLS,14759.0,3
3605,Remy,Vinnie,CHOCOLATE,SEASHELLS,8006.0,7
3605,Vinnie,Rhianna,GIFT_BASKET,SEASHELLS,71177.0,1
3605,Vladimir,Rhianna,GIFT_BASKET,SEASHELLS,71177.0,3
3606,Vinnie,Remy,ROSES,SEASHELLS,14753.0,4
3611,Vinnie,Remy,STRAWBERRIES,SEASHELLS,4017.0,5
3614,Vinnie,Remy,STRAWBERRIES,SEASHELLS,4017.0,6
3615,Remy,Vinnie,STRAWBERRIES,SEASHELLS,4019.0,10
3616,Remy,Vinnie,ROSES,SEASHELLS,14742.0,2
3617,Vinnie,Remy,ROSES,SEASHELLS,14733.0,3
3618,Remy,Vinnie,ROSES,SEASHELLS,14734.0,2
3618,Vinnie,Remy,STRAWBERRIES,SEASHELLS,4017.0,6
3619,Vinnie,Remy,CHOCOLATE,SEASHELLS,8006.0,8
3619,Remy,Vinnie,ROSES,SEASHELLS,14729.0,1
3620,Vinnie,Remy,ROSES,SEASHELLS,14727.0,2
3622,Vinnie,Vladimir,STRAWBERRIES,SEASHELLS,4017.0,11
3625,Remy,Vinnie,CHOCOLATE,SEASHELLS,8006.0,7
3627,Vinnie,Remy,STRAWBERRIES,SEASHELLS,4017.0,7
3634,Rhianna,Vinnie,GIFT_BASKET,SEASHELLS,71160.0,1
3634,Rhianna,Vladimir,GIFT_BASKET,SEASHELLS,71160.0,3
3635,Vinnie,Remy,STRAWBERRIES,SEASHELLS,4017.0,4
3646,Vinnie,Remy,CHOCOLATE,SEASHELLS,8008.0,7
3646,Ruby,Vinnie,GIFT_BASKET,SEASHELLS,71175.0,2
3648,Vinnie,Vladimir,STRAWBERRIES,SEASHELLS,4015.0,5
3650,Vinnie,Remy,STRAWBERRIES,SEASHELLS,4015.0,8
3657,Vinnie,Rhianna,GIFT_BASKET,SEASHELLS,71169.0,4
3659,Vinnie,Remy,CHOCOLATE,SEASHELLS,8012.0,7
3661,Vinnie,Vladimir,CHOCOLATE,SEASHELLS,8011.0,5
3666,Vinnie,Vladimir,STRAWBERRIES,SEASHELLS,4016.0,9
3669,Vinnie,Remy,STRAWBERRIES,SEASHELLS,4016.0,8
3674,Vinnie,Vladimir,CHOCOLATE,SEASHELLS,8018.0,6
3682,Vinnie,Remy,CHOCOLATE,SEASHELLS,8022.0,5
3685,Remy,Vinnie,ROSES,SEASHELLS,14754.0,4
3686,Vinnie,Vladimir,CHOCOLATE,SEASHELLS,8024.0,7
3687,Remy,Vinnie,ROSES,SEASHELLS,14752.0,2
3690,Vinnie,Rhianna,GIFT_BASKET,SEASHELLS,71250.0,1
3690,Vinnie,Rhianna,GIFT_BASKET,SEASHELLS,71255.0,1
3693,Remy,Vinnie,ROSES,SEASHELLS,14748.0,3
3698,Vinnie,Vladimir,STRAWBERRIES,SEASHELLS,4016.0,8
3700,Remy,Vinnie,STRAWBERRIES,SEASHELLS,4018.0,7
3701,Vinnie,Remy,ROSES,SEASHELLS,14748.0,4
3702,Remy,Vinnie,STRAWBERRIES,SEASHELLS,4019.0,7
3703,Vinnie,Remy,STRAWBERRIES,SEASHELLS,4018.0,7
3711,Vinnie,Vladimir,STRAWBERRIES,SEASHELLS,4018.0,12
3713,Vinnie,Ruby,GIFT_BASKET,SEASHELLS,71324.0,1
3714,Vinnie,Remy,ROSES,SEASHELLS,14762.0,5
3716,Remy,Vinnie,ROSES,SEASHELLS,14773.0,4
3720,Remy,Vinnie,ROSES,SEASHELLS,14778.0,4
3721,Remy,Vinnie,ROSES,SEASHELLS,14777.0,5
3722,Remy,Vinnie,STRAWBERRIES,SEASHELLS,4020.0,8
3723,Vinnie,Remy,ROSES,SEASHELLS,14776.0,4
3724,Vinnie,Remy,ROSES,SEASHELLS,14773.0,3
3734,Vinnie,Remy,STRAWBERRIES,SEASHELLS,4018.0,4
3736,Remy,Vinnie,CHOCOLATE,SEASHELLS,8029.0,8
3738,Vinnie,Vladimir,STRAWBERRIES,SEASHELLS,4017.0,9
3742,Vinnie,Rhianna,GIFT_BASKET,SEASHELLS,71342.0,1
3742,Vladimir,Rhianna,GIFT_BASKET,SEASHELLS,71341.0,4
3744,Vinnie,Vladimir,STRAWBERRIES,SEASHELLS,4016.0,3
3745,Vinnie,Remy,STRAWBERRIES,SEASHELLS,4016.0,5
3747,Vinnie,Vladimir,STRAWBERRIES,SEASHELLS,4016.0,5
3748,Vinnie,Vladimir,CHOCOLATE,SEASHELLS,8028.0,4
3748,Vinnie,Remy,ROSES,SEASHELLS,14761.0,4
3750,Vinnie,Vladimir,STRAWBERRIES,SEASHELLS,4016.0,10
3751,Vinnie,Ruby,GIFT_BASKET,SEASHELLS,71331.0,5
3751,Vinnie,Remy,CHOCOLATE,SEASHELLS,8029.0,5
3754,Vinnie,Vladimir,STRAWBERRIES,SEASHELLS,4017.0,8
3756,Vinnie,Remy,ROSES,SEASHELLS,14751.0,5
3756,Remy,Vinnie,STRAWBERRIES,SEASHELLS,4019.0,7
3760,Vinnie,Remy,STRAWBERRIES,SEASHELLS,4017.0,8
3761,Remy,Vinnie,CHOCOLATE,SEASHELLS,8033.0,8
3767,Vinnie,Vladimir,ROSES,SEASHELLS,14745.0,6
3767,Remy,Vinnie,ROSES,SEASHELLS,14746.0,2
3768,Vinnie,Remy,STRAWBERRIES,SEASHELLS,4016.0,7
3768,Vinnie,Remy,ROSES,SEASHELLS,14743.0,1
3769,Vinnie,Remy,ROSES,SEASHELLS,14742.0,3
3775,Vinnie,Remy,CHOCOLATE,SEASHELLS,8021.0,7
3777,Remy,Vinnie,STRAWBERRIES,SEASHELLS,4016.0,7
3779,Vinnie,Remy,STRAWBERRIES,SEASHELLS,4016.0,5
3780,Vinnie,Remy,ROSES,SEASHELLS,14737.0,5
3782,Vinnie,Remy,STRAWBERRIES,SEASHELLS,4016.0,7
3783,Vinnie,Remy,CHOCOLATE,SEASHELLS,8021.0,7
3785,Vinnie,Remy,CHOCOLATE,SEASHELLS,8020.0,7
3786,Vinnie,Remy,STRAWBERRIES,SEASHELLS,4015.0,4
3791,Ruby,Vinnie,GIFT_BASKET,SEASHELLS,71186.0,1
3803,Vinnie,Remy,ROSES,SEASHELLS,14737.0,2
3813,Remy,Vinnie,STRAWBERRIES,SEASHELLS,4016.0,4
3819,Vinnie,Remy,ROSES,SEASHELLS,14737.0,4
3820,Remy,Vinnie,ROSES,SEASHELLS,14740.0,4
3821,Vinnie,Remy,CHOCOLATE,SEASHELLS,8019.0,8
3823,Vinnie,Remy,STRAWBERRIES,SEASHELLS,4014.0,4
3824,Remy,Vinnie,STRAWBERRIES,SEASHELLS,4015.0,9
3827,Vinnie,Vladimir,ROSES,SEASHELLS,14735.0,8
3829,Vinnie,Remy,STRAWBERRIES,SEASHELLS,4014.0,6
3839,Remy,Vinnie,CHOCOLATE,SEASHELLS,8022.0,5
3842,Ruby,Vladimir,GIFT_BASKET,SEASHELLS,71259.0,10
3843,Remy,Vinnie,ROSES,SEASHELLS,14752.0,4
3844,Remy,Vinnie,STRAWBERRIES,SEASHELLS,4016.0,6
3851,Vinnie,Vladimir,STRAWBERRIES,SEASHELLS,4015.0,3
3852,Vinnie,Vladimir,STRAWBERRIES,SEASHELLS,4015.0,4
3855,Vinnie,Vladimir,CHOCOLATE,SEASHELLS,8024.0,9
3857,Remy,Vinnie,CHOCOLATE,SEASHELLS,8024.0,8
3858,Vinnie,Remy,CHOCOLATE,SEASHELLS,8022.0,7
3859,Vinnie,Vladimir,STRAWBERRIES,SEASHELLS,4016.0,12
3868,Remy,Vinnie,ROSES,SEASHELLS,14743.0,1
3870,Vladimir,Rhianna,GIFT_BASKET,SEASHELLS,71236.0,4
3870,Vinnie,Rhianna,GIFT_BASKET,SEASHELLS,71237.0,2
3874,Remy,Vinnie,ROSES,SEASHELLS,14753.0,4
3875,Vinnie,Vladimir,ROSES,SEASHELLS,14751.0,3
3876,Vinnie,Vladimir,CHOCOLATE,SEASHELLS,8015.0,5
3879,Vinnie,Remy,CHOCOLATE,SEASHELLS,8016.0,7
3879,Remy,Vinnie,STRAWBERRIES,SEASHELLS,4015.0,8
3883,Vinnie,Vladimir,STRAWBERRIES,SEASHELLS,4014.0,10
3892,Vinnie,Vladimir,CHOCOLATE,SEASHELLS,8019.0,7
3894,Vinnie,Remy,STRAWBERRIES,SEASHELLS,4014.0,5
3899,Vinnie,Remy,ROSES,SEASHELLS,14758.0,2
3900,Remy,Vinnie,CHOCOLATE,SEASHELLS,8020.0,7
3902,Vinnie,Vladimir,CHOCOLATE,SEASHELLS,8018.0,6
3907,Vinnie,Remy,STRAWBERRIES,SEASHELLS,4017.0,9
3908,Vinnie,Remy,ROSES,SEASHELLS,14758.0,1
3911,Remy,Vinnie,STRAWBERRIES,SEASHELLS,4018.0,4
3913,Vinnie,Rhianna,GIFT_BASKET,SEASHELLS,71276.0,8
3913,Vinnie,Vladimir,STRAWBERRIES,SEASHELLS,4017.0,3
3913,Remy,Vinnie,STRAWBERRIES,SEASHELLS,4018.0,9
3914,Vinnie,Remy,ROSES,SEASHELLS,14756.0,1
3917,Vinnie,Ruby,GIFT_BASKET,SEASHELLS,71266.0,2
3924,Vinnie,Vladimir,STRAWBERRIES,SEASHELLS,4016.0,3
3928,Remy,Vinnie,ROSES,SEASHELLS,14754.0,1
3929,Vinnie,Remy,ROSES,SEASHELLS,14756.0,2
3933,Remy,Vinnie,CHOCOLATE,SEASHELLS,8022.0,8
3945,Vinnie,Remy,ROSES,SEASHELLS,14752.0,2
3945,Vinnie,Vladimir,STRAWBERRIES,SEASHELLS,4017.0,8
3946,Vinnie,Remy,STRAWBERRIES,SEASHELLS,4016.0,6
3951,Vinnie,Remy,STRAWBERRIES,SEASHELLS,4015.0,7
3952,Vinnie,Remy,ROSES,SEASHELLS,14754.0,2
3953,Vinnie,Remy,CHOCOLATE,SEASHELLS,8020.0,8
3955,Vinnie,Vladimir,CHOCOLATE,SEASHELLS,8018.0,8
3956,Remy,Vinnie,STRAWBERRIES,SEASHELLS,4016.0,10
3965,Vinnie,Remy,ROSES,SEASHELLS,14744.0,5
3966,Remy,Vinnie,CHOCOLATE,SEASHELLS,8019.0,7
3966,Remy,Vinnie,ROSES,SEASHELLS,14746.0,3
3967,Vladimir,Rhianna,GIFT_BASKET,SEASHELLS,71200.0,4
3967,Remy,Vinnie,ROSES,SEASHELLS,14749.0,3
3968,Remy,Vinnie,STRAWBERRIES,SEASHELLS,4015.0,8
3969,Vinnie,Vladimir,STRAWBERRIES,SEASHELLS,4014.0,11
3970,Vinnie,Remy,ROSES,SEASHELLS,14746.0,2
3970,Vinnie,Remy,STRAWBERRIES,SEASHELLS,4014.0,7
3975,Remy,Vinnie,STRAWBERRIES,SEASHELLS,4016.0,9
3984,Vladimir,Vinnie,GIFT_BASKET,SEASHELLS,71204.0,1
3987,Vinnie,Rhianna,GIFT_BASKET,SEASHELLS,71208.0,2
3989,Vinnie,Vladimir,ROSES,SEASHELLS,14755.0,6
3991,Vinnie,Remy,STRAWBERRIES,SEASHELLS,4015.0,5
3996,Vinnie,Vladimir,ROSES,SEASHELLS,14761.0,8
3998,Vinnie,Vladimir,CHOCOLATE,SEASHELLS,8009.0,6
3998,Vinnie,Vladimir,ROSES,SEASHELLS,14758.0,7
4001,Remy,Vinnie,CHOCOLATE,SEASHELLS,8013.0,7
4003,Rhianna,Vladimir,GIFT_BASKET,SEASHELLS,71183.0,4
4005,Vinnie,Vladimir,ROSES,SEASHELLS,14761.0,6
4007,Ruby,Vinnie,GIFT_BASKET,SEASHELLS,71220.0,2
4009,Remy,Vinnie,ROSES,SEASHELLS,14755.0,3
4017,Vinnie,Vladimir,STRAWBERRIES,SEASHELLS,4013.0,4
4018,Remy,Vinnie,STRAWBERRIES,SEASHELLS,4014.0,8
4019,Remy,Vinnie,STRAWBERRIES,SEASHELLS,4014.0,8
4022,Remy,Vinnie,ROSES,SEASHELLS,14740.0,3
4025,Remy,Vinnie,STRAWBERRIES,SEASHELLS,4013.0,4
4028,Remy,Vinnie,CHOCOLATE,SEASHELLS,8026.0,5
4030,Vinnie,Vladimir,CHOCOLATE,SEASHELLS,8025.0,4
4036,Vinnie,Remy,STRAWBERRIES,SEASHELLS,4011.0,8
4039,Remy,Vinnie,CHOCOLATE,SEASHELLS,8025.0,8
4050,Vinnie,Remy,ROSES,SEASHELLS,14746.0,4
4051,Vinnie,Remy,STRAWBERRIES,SEASHELLS,4012.0,4
4053,Vladimir,Rhianna,GIFT_BASKET,SEASHELLS,71121.0,2
4054,Vinnie,Vladimir,CHOCOLATE,SEASHELLS,8017.0,6
4059,Vinnie,Vladimir,CHOCOLATE,SEASHELLS,8015.0,9
4062,Vinnie,Remy,CHOCOLATE,SEASHELLS,8017.0,6
4065,Remy,Vinnie,CHOCOLATE,SEASHELLS,8019.0,6
4070,Remy,Vinnie,ROSES,SEASHELLS,14767.0,5
4071,Vinnie,Remy,ROSES,SEASHELLS,14766.0,3
4073,Vinnie,Remy,CHOCOLATE,SEASHELLS,8011.0,8
4074,Vinnie,Vladimir,CHOCOLATE,SEASHELLS,8011.0,6
4075,Remy,Vinnie,CHOCOLATE,SEASHELLS,8011.0,7
4083,Vinnie,Remy,ROSES,SEASHELLS,14760.0,3
4084,Vinnie,Remy,CHOCOLATE,SEASHELLS,8010.0,7
4087,Vinnie,Vladimir,CHOCOLATE,SEASHELLS,8009.0,10
4088,Vinnie,Remy,STRAWBERRIES,SEASHELLS,4015.0,10
4091,Vinnie,Remy,CHOCOLATE,SEASHELLS,8008.0,7
4094,Remy,Vinnie,STRAWBERRIES,SEASHELLS,4018.0,7
4094,Vinnie,Remy,CHOCOLATE,SEASHELLS,8008.0,5
4095,Vinnie,Vladimir,STRAWBERRIES,SEASHELLS,4017.0,8
4098,Vinnie,Remy,STRAWBERRIES,SEASHELLS,4017.0,4
4099,Rhianna,Vladimir,GIFT_BASKET,SEASHELLS,71113.0,5
4099,Rhianna,Vinnie,GIFT_BASKET,SEASHELLS,71113.0,2
4101,Ruby,Vinnie,GIFT_BASKET,SEASHELLS,71109.0,2
4106,Remy,Vinnie,ROSES,SEASHELLS,14787.0,5
4117,Remy,Vinnie,STRAWBERRIES,SEASHELLS,4017.0,9
4118,Vinnie,Remy,STRAWBERRIES,SEASHELLS,4015.0,8
4119,Vinnie,Remy,CHOCOLATE,SEASHELLS,8006.0,6
4119,Vinnie,Remy,ROSES,SEASHELLS,14794.0,1
4120,Rhianna,Vinnie,GIFT_BASKET,SEASHELLS,71075.0,2
4120,Rhianna,Vinnie,GIFT_BASKET,SEASHELLS,71081.0,1
4123,Vinnie,Vladimir,ROSES,SEASHELLS,14798.0,9
4123,Remy,Vinnie,STRAWBERRIES,SEASHELLS,4017.0,9
4125,Vinnie,Remy,STRAWBERRIES,SEASHELLS,4014.0,9
4129,Vinnie,Vladimir,ROSES,SEASHELLS,14803.0,7
4129,Vinnie,Rhianna,GIFT_BASKET,SEASHELLS,71084.0,2
4130,Vinnie,Remy,ROSES,SEASHELLS,14805.0,2
4134,Vinnie,Remy,CHOCOLATE,SEASHELLS,8008.0,8
4138,Vinnie,Remy,ROSES,SEASHELLS,14812.0,4
4139,Vinnie,Remy,ROSES,SEASHELLS,14813.0,4
4149,Vinnie,Vladimir,CHOCOLATE,SEASHELLS,8010.0,6
4149,Vinnie,Remy,ROSES,SEASHELLS,14818.0,1
4150,Remy,Vinnie,STRAWBERRIES,SEASHELLS,4014.0,4
4150,Vinnie,Rhianna,GIFT_BASKET,SEASHELLS,71083.0,1
4150,Vladimir,Rhianna,GIFT_BASKET,SEASHELLS,71082.0,7
4151,Remy,Vinnie,ROSES,SEASHELLS,14818.0,2
4156,Remy,Vinnie,ROSES,SEASHELLS,14819.0,1
4157,Remy,Vinnie,CHOCOLATE,SEASHELLS,8009.0,6
4158,Remy,Vinnie,CHOCOLATE,SEASHELLS,8010.0,8
4159,Vinnie,Remy,ROSES,SEASHELLS,14803.0,1
4161,Vinnie,Rhianna,GIFT_BASKET,SEASHELLS,71092.0,7
4161,Vladimir,Rhianna,GIFT_BASKET,SEASHELLS,71086.0,1
4162,Vinnie,Remy,CHOCOLATE,SEASHELLS,8009.0,7
4164,Remy,Vinnie,ROSES,SEASHELLS,14804.0,5
4176,Remy,Vinnie,ROSES,SEASHELLS,14803.0,3
4178,Vinnie,Remy,STRAWBERRIES,SEASHELLS,4010.0,4
4182,Vinnie,Remy,STRAWBERRIES,SEASHELLS,4010.0,9
4194,Remy,Vinnie,STRAWBERRIES,SEASHELLS,4013.0,8
4194,Remy,Vinnie,ROSES,SEASHELLS,14823.0,2
4196,Remy,Vinnie,STRAWBERRIES,SEASHELLS,4013.0,9
4197,Vinnie,Remy,CHOCOLATE,SEASHELLS,8027.0,6
4200,Remy,Vinnie,ROSES,SEASHELLS,14816.0,5
4201,Remy,Vinnie,ROSES,SEASHELLS,14813.0,4
4203,Vinnie,Vladimir,STRAWBERRIES,SEASHELLS,4012.0,8
4203,Vinnie,Remy,CHOCOLATE,SEASHELLS,8028.0,5
4205,Vinnie,Remy,CHOCOLATE,SEASHELLS,8028.0,7
4207,Vinnie,Vladimir,CHOCOLATE,SEASHELLS,8025.0,5
4208,Vinnie,Vladimir,STRAWBERRIES,SEASHELLS,4012.0,6
4214,Remy,Vinnie,ROSES,SEASHELLS,14802.0,4
4218,Vinnie,Remy,ROSES,SEASHELLS,14803.0,3
4220,Ruby,Vladimir,GIFT_BASKET,SEASHELLS,71220.0,8
4220,Remy,Vinnie,CHOCOLATE,SEASHELLS,8031.0,7
4223,Vinnie,Vladimir,STRAWBERRIES,SEASHELLS,4012.0,5
4224,Ruby,Vinnie,GIFT_BASKET,SEASHELLS,71218.0,2
4225,Vinnie,Remy,CHOCOLATE,SEASHELLS,8033.0,8
4228,Vinnie,Vladimir,STRAWBERRIES,SEASHELLS,4011.0,9
4236,Vinnie,Remy,STRAWBERRIES,SEASHELLS,4011.0,4
4236,Vinnie,Remy,ROSES,SEASHELLS,14781.0,5
4238,Vinnie,Vladimir,STRAWBERRIES,SEASHELLS,4011.0,3
4239,Vinnie,Remy,CHOCOLATE,SEASHELLS,8035.0,7
4241,Vinnie,Remy,CHOCOLATE,SEASHELLS,8034.0,7
4244,Remy,Vinnie,STRAWBERRIES,SEASHELLS,4013.0,8
4245,Remy,Vinnie,ROSES,SEASHELLS,14775.0,1
4245,Vinnie,Remy,CHOCOLATE,SEASHELLS,8036.0,5
4251,Vinnie,Remy,STRAWBERRIES,SEASHELLS,4012.0,7
4262,Vinnie,Remy,CHOCOLATE,SEASHELLS,8031.0,8
4263,Vinnie,Remy,ROSES,SEASHELLS,14753.0,1
4263,Vinnie,Vladimir,CHOCOLATE,SEASHELLS,8031.0,7
4269,Vinnie,Vladimir,STRAWBERRIES,SEASHELLS,4014.0,4
4271,Rhianna,Vinnie,GIFT_BASKET,SEASHELLS,71183.0,1
4271,Rhianna,Vinnie,GIFT_BASKET,SEASHELLS,71177.0,6
4272,Vinnie,Vladimir,CHOCOLATE,SEASHELLS,8028.0,7
4277,Vinnie,Remy,ROSES,SEASHELLS,14753.0,1
4279,Remy,Vinnie,STRAWBERRIES,SEASHELLS,4016.0,4
4281,Vinnie,Vladimir,CHOCOLATE,SEASHELLS,8031.0,10
4282,Remy,Vinnie,CHOCOLATE,SEASHELLS,8031.0,8
4292,Remy,Vinnie,ROSES,SEASHELLS,14738.0,2
4296,Vinnie,Remy,STRAWBERRIES,SEASHELLS,4014.0,9
4300,Remy,Vinnie,ROSES,SEASHELLS,14729.0,5
4301,Remy,Vinnie,ROSES,SEASHELLS,14731.0,3
4302,Vinnie,Remy,STRAWBERRIES,SEASHELLS,4014.0,4
4303,Vinnie,Remy,ROSES,SEASHELLS,14731.0,1
4305,Vinnie,Remy,CHOCOLATE,SEASHELLS,8028.0,5
4309,Remy,Vinnie,ROSES,SEASHELLS,14734.0,4
4310,Vinnie,Remy,ROSES,SEASHELLS,14736.0,4
4311,Vinnie,Remy,ROSES,SEASHELLS,14738.0,2
4312,Vinnie,Vladimir,STRAWBERRIES,SEASHELLS,4015.0,5
4312,Remy,Vinnie,ROSES,SEASHELLS,14738.0,5
4315,Vinnie,Vladimir,CHOCOLATE,SEASHELLS,8033.0,8
4326,Vinnie,Remy,CHOCOLATE,SEASHELLS,8035.0,5
4327,Remy,Vinnie,ROSES,SEASHELLS,14744.0,4
4336,Vinnie,Vladimir,CHOCOLATE,SEASHELLS,8038.0,6
4336,Vinnie,Remy,STRAWBERRIES,SEASHELLS,4015.0,8
4340,Vinnie,Vladimir,ROSES,SEASHELLS,14733.0,8
4345,Vinnie,Remy,ROSES,SEASHELLS,14726.0,3
4349,Vinnie,Remy,ROSES,SEASHELLS,14720.0,5
4349,Rhianna,Vinnie,GIFT_BASKET,SEASHELLS,71223.0,2
4349,Remy,Vinnie,CHOCOLATE,SEASHELLS,8041.0,6
4354,Vinnie,Remy,ROSES,SEASHELLS,14724.0,5
4355,Ruby,Vinnie,GIFT_BASKET,SEASHELLS,71245.0,2
4357,Remy,Vinnie,ROSES,SEASHELLS,14726.0,5
4359,Vinnie,Remy,STRAWBERRIES,SEASHELLS,4018.0,5
4365,Vinnie,Remy,STRAWBERRIES,SEASHELLS,4017.0,9
4367,Remy,Vinnie,ROSES,SEASHELLS,14730.0,2
4377,Vinnie,Remy,ROSES,SEASHELLS,14715.0,5
4378,Vinnie,Remy,ROSES,SEASHELLS,14717.0,5
4378,Vladimir,Rhianna,GIFT_BASKET,SEASHELLS,71238.0,3
4379,Vinnie,Vladimir,STRAWBERRIES,SEASHELLS,4018.0,11
4382,Ruby,Vinnie,GIFT_BASKET,SEASHELLS,71275.0,2
4385,Vinnie,Vladimir,ROSES,SEASHELLS,14722.0,10
4389,Vinnie,Remy,ROSES,SEASHELLS,14731.0,2
4392,Vinnie,Remy,CHOCOLATE,SEASHELLS,8043.0,7
4393,Remy,Vinnie,ROSES,SEASHELLS,14726.0,5
4394,Remy,Vinnie,ROSES,SEASHELLS,14727.0,3
4394,Vinnie,Vladimir,STRAWBERRIES,SEASHELLS,4017.0,6
4394,Vinnie,Vladimir,ROSES,SEASHELLS,14725.0,10
4394,Remy,Vinnie,STRAWBERRIES,SEASHELLS,4018.0,7
4402,Vinnie,Remy,CHOCOLATE,SEASHELLS,8043.0,8
4406,Vinnie,Vladimir,ROSES,SEASHELLS,14719.0,8
4406,Vinnie,Rhianna,GIFT_BASKET,SEASHELLS,71267.0,2
4406,Vladimir,Rhianna,GIFT_BASKET,SEASHELLS,71266.0,2
4411,Remy,Vinnie,STRAWBERRIES,SEASHELLS,4017.0,4
4412,Remy,Vinnie,ROSES,SEASHELLS,14719.0,1
4413,Vladimir,Rhianna,GIFT_BASKET,SEASHELLS,71288.0,6
4417,Vinnie,Remy,CHOCOLATE,SEASHELLS,8041.0,5
4417,Vinnie,Remy,STRAWBERRIES,SEASHELLS,4017.0,9
4422,Remy,Vinnie,STRAWBERRIES,SEASHELLS,4017.0,5
4423,Vinnie,Remy,CHOCOLATE,SEASHELLS,8041.0,6
4424,Vinnie,Vladimir,STRAWBERRIES,SEASHELLS,4015.0,10
4425,Remy,Vinnie,ROSES,SEASHELLS,14714.0,3
4425,Vinnie,Ruby,GIFT_BASKET,SEASHELLS,71256.0,1
4430,Vinnie,Remy,CHOCOLATE,SEASHELLS,8037.0,7
4431,Vladimir,Rhianna,GIFT_BASKET,SEASHELLS,71246.0,6
4431,Vinnie,Rhianna,GIFT_BASKET,SEASHELLS,71247.0,1
4437,Remy,Vinnie,ROSES,SEASHELLS,14723.0,2
4441,Vinnie,Vladimir,STRAWBERRIES,SEASHELLS,4014.0,8
4443,Vinnie,Vladimir,CHOCOLATE,SEASHELLS,8039.0,9
4444,Vinnie,Vladimir,STRAWBERRIES,SEASHELLS,4014.0,8
4446,Remy,Vinnie,ROSES,SEASHELLS,14734.0,2
4460,Vinnie,Remy,ROSES,SEASHELLS,14726.0,1
4462,Vinnie,Vladimir,STRAWBERRIES,SEASHELLS,4015.0,5
4463,Remy,Vinnie,ROSES,SEASHELLS,14720.0,1
4466,Remy,Vinnie,CHOCOLATE,SEASHELLS,8056.0,8
4467,Vladimir,Rhianna,GIFT_BASKET,SEASHELLS,71260.0,2
4467,Vinnie,Rhianna,GIFT_BASKET,SEASHELLS,71260.0,1
4468,Remy,Vladimir,STRAWBERRIES,SEASHELLS,4015.0,6
4472,Vinnie,Remy,CHOCOLATE,SEASHELLS,8058.0,6
4473,Vinnie,Remy,CHOCOLATE,SEASHELLS,8055.0,6
4477,Remy,Vinnie,ROSES,SEASHELLS,14719.0,4
4478,Vinnie,Vladimir,STRAWBERRIES,SEASHELLS,4016.0,12
4478,Vinnie,Remy,CHOCOLATE,SEASHELLS,8058.0,7
4478,Vinnie,Remy,ROSES,SEASHELLS,14713.0,1
4480,Vladimir,Rhianna,GIFT_BASKET,SEASHELLS,71253.0,2
4480,Vinnie,Rhianna,GIFT_BASKET,SEASHELLS,71254.0,1
4482,Remy,Vinnie,STRAWBERRIES,SEASHELLS,4018.0,10
4483,Remy,Vinnie,CHOCOLATE,SEASHELLS,8061.0,8
4485,Vinnie,Remy,STRAWBERRIES,SEASHELLS,4016.0,10
4488,Vinnie,Remy,STRAWBERRIES,SEASHELLS,4017.0,4
4488,Remy,Vinnie,CHOCOLATE,SEASHELLS,8059.0,5
4488,Remy,Vinnie,ROSES,SEASHELLS,14709.0,2
4491,Vinnie,Remy,ROSES,SEASHELLS,14702.0,1
4499,Remy,Vinnie,CHOCOLATE,SEASHELLS,8054.0,8
4504,Vinnie,Remy,CHOCOLATE,SEASHELLS,8053.0,8
4505,Remy,Vinnie,STRAWBERRIES,SEASHELLS,4020.0,5
4505,Remy,Vinnie,CHOCOLATE,SEASHELLS,8054.0,8
4506,Vinnie,Vladimir,STRAWBERRIES,SEASHELLS,4019.0,12
4508,Vinnie,Ruby,GIFT_BASKET,SEASHELLS,71228.0,2
4509,Vinnie,Vladimir,STRAWBERRIES,SEASHELLS,4019.0,8
4510,Vinnie,Remy,STRAWBERRIES,SEASHELLS,4019.0,5
4512,Vinnie,Remy,STRAWBERRIES,SEASHELLS,4020.0,6
4513,Remy,Vinnie,CHOCOLATE,SEASHELLS,8053.0,8
4518,Remy,Vinnie,STRAWBERRIES,SEASHELLS,4021.0,10
4519,Remy,Vinnie,ROSES,SEASHELLS,14704.0,3
4520,Vinnie,Vladimir,STRAWBERRIES,SEASHELLS,4021.0,4
4520,Remy,Vinnie,ROSES,SEASHELLS,14711.0,5
4520,Remy,Vinnie,CHOCOLATE,SEASHELLS,8054.0,5
4521,Vinnie,Remy,ROSES,SEASHELLS,14710.0,3
4522,Remy,Vinnie,ROSES,SEASHELLS,14712.0,1
4523,Vladimir,Rhianna,GIFT_BASKET,SEASHELLS,71257.0,6
4526,Vinnie,Remy,CHOCOLATE,SEASHELLS,8054.0,5
4527,Vinnie,Rhianna,GIFT_BASKET,SEASHELLS,71269.0,1
4529,Vinnie,Remy,CHOCOLATE,SEASHELLS,8057.0,7
4529,Vinnie,Vladimir,STRAWBERRIES,SEASHELLS,4021.0,5
4531,Remy,Vinnie,ROSES,SEASHELLS,14706.0,4
4532,Vinnie,Vladimir,CHOCOLATE,SEASHELLS,8054.0,5
4538,Remy,Vinnie,STRAWBERRIES,SEASHELLS,4023.0,10
4540,Vinnie,Vladimir,STRAWBERRIES,SEASHELLS,4022.0,9
4542,Remy,Vinnie,STRAWBERRIES,SEASHELLS,4023.0,8
4543,Vinnie,Remy,CHOCOLATE,SEASHELLS,8049.0,7
4544,Rhianna,Vinnie,GIFT_BASKET,SEASHELLS,71271.0,1
4546,Vinnie,Remy,STRAWBERRIES,SEASHELLS,4021.0,5
4546,Vinnie,Vladimir,CHOCOLATE,SEASHELLS,8047.0,4
4557,Vinnie,Remy,ROSES,SEASHELLS,14694.0,5
4562,Remy,Vinnie,CHOCOLATE,SEASHELLS,8045.0,8
4567,Vinnie,Remy,CHOCOLATE,SEASHELLS,8048.0,8
4569,Vinnie,Remy,CHOCOLATE,SEASHELLS,8047.0,8
4570,Vinnie,Rhianna,GIFT_BASKET,SEASHELLS,71267.0,2
4570,Vladimir,Rhianna,GIFT_BASKET,SEASHELLS,71266.0,5
4573,Rhianna,Vinnie,GIFT_BASKET,SEASHELLS,71259.0,1
4575,Remy,Vinnie,ROSES,SEASHELLS,14699.0,1
4580,Vinnie,Remy,CHOCOLATE,SEASHELLS,8040.0,7
4581,Vinnie,Vladimir,STRAWBERRIES,SEASHELLS,4025.0,4
4583,Vinnie,Vladimir,ROSES,SEASHELLS,14695.0,9
4586,Vinnie,Remy,ROSES,SEASHELLS,14701.0,2
4588,Remy,Vinnie,STRAWBERRIES,SEASHELLS,4027.0,6
4592,Vinnie,Vladimir,STRAWBERRIES,SEASHELLS,4027.0,11
4594,Vinnie,Remy,ROSES,SEASHELLS,14691.0,2
4599,Vinnie,Remy,CHOCOLATE,SEASHELLS,8038.0,5
4600,Remy,Vinnie,CHOCOLATE,SEASHELLS,8039.0,6
4605,Vinnie,Vladimir,CHOCOLATE,SEASHELLS,8037.0,7
4605,Remy,Vinnie,ROSES,SEASHELLS,14670.0,1
4608,Vinnie,Remy,CHOCOLATE,SEASHELLS,8034.0,8
4611,Remy,Vinnie,STRAWBERRIES,SEASHELLS,4030.0,10
4611,Remy,Vinnie,ROSES,SEASHELLS,14677.0,5
4613,Remy,Vinnie,STRAWBERRIES,SEASHELLS,4030.0,5
4613,Vinnie,Vladimir,STRAWBERRIES,SEASHELLS,4029.0,6
4615,Vinnie,Remy,CHOCOLATE,SEASHELLS,8038.0,5
4618,Vinnie,Remy,CHOCOLATE,SEASHELLS,8035.0,8
4620,Vinnie,Vladimir,CHOCOLATE,SEASHELLS,8035.0,9
4621,Vinnie,Vladimir,STRAWBERRIES,SEASHELLS,4028.0,12
4625,Remy,Vinnie,CHOCOLATE,SEASHELLS,8037.0,5
4627,Remy,Vinnie,ROSES,SEASHELLS,14686.0,1
4629,Remy,Vinnie,ROSES,SEASHELLS,14684.0,1
4633,Vinnie,Vladimir,STRAWBERRIES,SEASHELLS,4026.0,11
4640,Vinnie,Remy,ROSES,SEASHELLS,14667.0,1
4640,Remy,Vinnie,CHOCOLATE,SEASHELLS,8032.0,5
4642,Remy,Vinnie,ROSES,SEASHELLS,14661.0,1
4642,Vinnie,Vladimir,CHOCOLATE,SEASHELLS,8033.0,4
4646,Remy,Vinnie,STRAWBERRIES,SEASHELLS,4026.0,10
4648,Vladimir,Rhianna,GIFT_BASKET,SEASHELLS,71194.0,4
4649,Vinnie,Remy,STRAWBERRIES,SEASHELLS,4023.0,4
4650,Remy,Vinnie,CHOCOLATE,SEASHELLS,8026.0,7
4652,Remy,Vinnie,CHOCOLATE,SEASHELLS,8026.0,5
4655,Vinnie,Remy,ROSES,SEASHELLS,14664.0,5
4656,Remy,Vinnie,ROSES,SEASHELLS,14665.0,5
4659,Vinnie,Ruby,GIFT_BASKET,SEASHELLS,71192.0,2
4661,Vinnie,Remy,CHOCOLATE,SEASHELLS,8028.0,7
4662,Vinnie,Remy,CHOCOLATE,SEASHELLS,8029.0,5
4662,Vinnie,Remy,ROSES,SEASHELLS,14680.0,3
4663,Vinnie,Vladimir,STRAWBERRIES,SEASHELLS,4025.0,10
4680,Remy,Vinnie,ROSES,SEASHELLS,14666.0,1
4681,Vinnie,Remy,ROSES,SEASHELLS,14668.0,3
4683,Vinnie,Remy,ROSES,SEASHELLS,14671.0,1
4684,Remy,Vinnie,CHOCOLATE,SEASHELLS,8031.0,8
4687,Vladimir,Ruby,GIFT_BASKET,SEASHELLS,71214.0,5
4688,Remy,Vinnie,STRAWBERRIES,SEASHELLS,4027.0,10
4692,Remy,Vinnie,ROSES,SEASHELLS,14677.0,5
4694,Remy,Vinnie,ROSES,SEASHELLS,14682.0,1
4695,Remy,Vinnie,STRAWBERRIES,SEASHELLS,4027.0,6
4699,Remy,Vinnie,ROSES,SEASHELLS,14686.0,1
4701,Vinnie,Remy,ROSES,SEASHELLS,14682.0,5
4703,Remy,Vinnie,STRAWBERRIES,SEASHELLS,4026.0,10
4704,Vinnie,Vladimir,STRAWBERRIES,SEASHELLS,4024.0,5
4705,Remy,Vinnie,STRAWBERRIES,SEASHELLS,4025.0,8
4709,Remy,Vinnie,STRAWBERRIES,SEASHELLS,4025.0,10
4710,Vinnie,Remy,CHOCOLATE,SEASHELLS,8028.0,7
4710,Rhianna,Vinnie,GIFT_BASKET,SEASHELLS,71194.0,1
4714,Vinnie,Remy,CHOCOLATE,SEASHELLS,8030.0,5
4717,Remy,Vinnie,ROSES,SEASHELLS,14661.0,3
4720,Remy,Vinnie,CHOCOLATE,SEASHELLS,8033.0,6
4720,Remy,Vinnie,STRAWBERRIES,SEASHELLS,4025.0,5
4722,Vinnie,Remy,STRAWBERRIES,SEASHELLS,4025.0,4
4727,Remy,Vinnie,CHOCOLATE,SEASHELLS,8031.0,8
4727,Remy,Vinnie,ROSES,SEASHELLS,14648.0,2
4739,Remy,Vinnie,STRAWBERRIES,SEASHELLS,4028.0,9
4743,Vinnie,Remy,CHOCOLATE,SEASHELLS,8029.0,5
4745,Remy,Vinnie,ROSES,SEASHELLS,14630.0,4
4745,Vinnie,Remy,CHOCOLATE,SEASHELLS,8030.0,7
4750,Remy,Vinnie,ROSES,SEASHELLS,14625.0,2
4755,Remy,Vinnie,ROSES,SEASHELLS,14624.0,4
4757,Remy,Vinnie,STRAWBERRIES,SEASHELLS,4030.0,9
4758,Remy,Vinnie,CHOCOLATE,SEASHELLS,8024.0,5
4759,Vinnie,Remy,CHOCOLATE,SEASHELLS,8023.0,7
4761,Remy,Vinnie,CHOCOLATE,SEASHELLS,8024.0,7
4761,Vinnie,Remy,ROSES,SEASHELLS,14626.0,2
4763,Rhianna,Vladimir,GIFT_BASKET,SEASHELLS,71264.0,7
4764,Vinnie,Vladimir,STRAWBERRIES,SEASHELLS,4028.0,8
4764,Vinnie,Remy,ROSES,SEASHELLS,14632.0,5
4765,Remy,Vinnie,CHOCOLATE,SEASHELLS,8026.0,8
4767,Vinnie,Remy,ROSES,SEASHELLS,14627.0,2
4768,Remy,Vinnie,CHOCOLATE,SEASHELLS,8026.0,6
4772,Vinnie,Remy,ROSES,SEASHELLS,14631.0,1
4776,Remy,Vinnie,CHOCOLATE,SEASHELLS,8027.0,5
4778,Vinnie,Remy,CHOCOLATE,SEASHELLS,8027.0,8
4779,Vinnie,Remy,CHOCOLATE,SEASHELLS,8026.0,6
4790,Vinnie,Vladimir,STRAWBERRIES,SEASHELLS,4033.0,10
4798,Ruby,Vinnie,GIFT_BASKET,SEASHELLS,71314.0,1
4805,Remy,Vinnie,CHOCOLATE,SEASHELLS,8019.0,6
4806,Remy,Vinnie,ROSES,SEASHELLS,14655.0,2
4807,Vinnie,Ruby,GIFT_BASKET,SEASHELLS,71331.0,2
4813,Remy,Vinnie,ROSES,SEASHELLS,14654.0,3
4813,Vinnie,Remy,CHOCOLATE,SEASHELLS,8020.0,6
4815,Vinnie,Vladimir,STRAWBERRIES,SEASHELLS,4037.0,8
4816,Vinnie,Vladimir,CHOCOLATE,SEASHELLS,8022.0,10
4816,Vinnie,Ruby,GIFT_BASKET,SEASHELLS,71350.0,1
4818,Remy,Vinnie,STRAWBERRIES,SEASHELLS,4039.0,6
4818,Vinnie,Vladimir,CHOCOLATE,SEASHELLS,8024.0,4
4824,Remy,Vinnie,ROSES,SEASHELLS,14647.0,2
4824,Vinnie,Remy,STRAWBERRIES,SEASHELLS,4039.0,9
4826,Ruby,Vladimir,GIFT_BASKET,SEASHELLS,71374.0,5
4828,Vinnie,Vladimir,CHOCOLATE,SEASHELLS,8026.0,8
4830,Vinnie,Vladimir,STRAWBERRIES,SEASHELLS,4039.0,5
4832,Vinnie,Remy,CHOCOLATE,SEASHELLS,8022.0,5
4835,Remy,Vinnie,CHOCOLATE,SEASHELLS,8021.0,7
4844,Vinnie,Ruby,GIFT_BASKET,SEASHELLS,71312.0,1
4844,Vinnie,Vladimir,CHOCOLATE,SEASHELLS,8019.0,6
4844,Vinnie,Remy,ROSES,SEASHELLS,14640.0,2
4846,Vinnie,Vladimir,STRAWBERRIES,SEASHELLS,4041.0,3
4846,Remy,Vinnie,STRAWBERRIES,SEASHELLS,4043.0,6
4847,Vinnie,Remy,ROSES,SEASHELLS,14641.0,1
4849,Remy,Vinnie,ROSES,SEASHELLS,14647.0,4
4849,Vinnie,Remy,STRAWBERRIES,SEASHELLS,4042.0,4
4851,Vinnie,Remy,ROSES,SEASHELLS,14649.0,2
4852,Vinnie,Remy,CHOCOLATE,SEASHELLS,8024.0,7
4853,Remy,Vinnie,ROSES,SEASHELLS,14655.0,1
4858,Vinnie,Vladimir,STRAWBERRIES,SEASHELLS,4043.0,5
4858,Remy,Vinnie,CHOCOLATE,SEASHELLS,8028.0,6
4858,Remy,Vinnie,STRAWBERRIES,SEASHELLS,4044.0,9
4860,Remy,Vinnie,STRAWBERRIES,SEASHELLS,4045.0,8
4865,Remy,Vinnie,STRAWBERRIES,SEASHELLS,4044.0,7
4868,Remy,Vinnie,STRAWBERRIES,SEASHELLS,4044.0,10
4870,Vinnie,Rhianna,GIFT_BASKET,SEASHELLS,71418.0,2
4870,Vladimir,Rhianna,GIFT_BASKET,SEASHELLS,71417.0,1
4874,Remy,Vinnie,STRAWBERRIES,SEASHELLS,4044.0,5
4878,Vinnie,Remy,ROSES,SEASHELLS,14671.0,2
4878,Vinnie,Remy,STRAWBERRIES,SEASHELLS,4043.0,7
4882,Vinnie,Remy,STRAWBERRIES,SEASHELLS,4045.0,10
4884,Vinnie,Remy,CHOCOLATE,SEASHELLS,8026.0,8
4885,Remy,Vinnie,STRAWBERRIES,SEASHELLS,4047.0,8
4889,Vinnie,Remy,STRAWBERRIES,SEASHELLS,4045.0,9
4893,Vladimir,Ruby,GIFT_BASKET,SEASHELLS,71488.0,10
4899,Remy,Vinnie,ROSES,SEASHELLS,14678.0,2
4901,Remy,Vinnie,STRAWBERRIES,SEASHELLS,4048.0,10
4901,Vinnie,Remy,ROSES,SEASHELLS,14677.0,2
4902,Remy,Vinnie,ROSES,SEASHELLS,14681.0,4
4912,Remy,Vinnie,ROSES,SEASHELLS,14687.0,1
4913,Remy,Vinnie,ROSES,SEASHELLS,14686.0,4
4915,Remy,Vinnie,ROSES,SEASHELLS,14688.0,1
4922,Vinnie,Vladimir,STRAWBERRIES,SEASHELLS,4049.0,7
4926,Vinnie,Remy,CHOCOLATE,SEASHELLS,8027.0,8
4926,Vladimir,Vinnie,GIFT_BASKET,SEASHELLS,71517.0,1
4929,Vinnie,Vladimir,STRAWBERRIES,SEASHELLS,4048.0,8
4931,Vinnie,Remy,ROSES,SEASHELLS,14687.0,4
4932,Vinnie,Vladimir,STRAWBERRIES,SEASHELLS,4048.0,3
4934,Vinnie,Remy,ROSES,SEASHELLS,14687.0,2
4938,Remy,Vinnie,STRAWBERRIES,SEASHELLS,4049.0,10
4941,Vinnie,Ruby,GIFT_BASKET,SEASHELLS,71495.0,2
4941,Remy,Vinnie,CHOCOLATE,SEASHELLS,8028.0,6
4946,Vinnie,Remy,CHOCOLATE,SEASHELLS,8022.0,7
4953,Vinnie,Vladimir,STRAWBERRIES,SEASHELLS,4046.0,8
4961,Remy,Vinnie,ROSES,SEASHELLS,14660.0,4
4961,Vinnie,Remy,CHOCOLATE,SEASHELLS,8021.0,7
4963,Vinnie,Vladimir,STRAWBERRIES,SEASHELLS,4047.0,5
4967,Vinnie,Vladimir,STRAWBERRIES,SEASHELLS,4046.0,10
4969,Vinnie,Vladimir,STRAWBERRIES,SEASHELLS,4046.0,4
4970,Vladimir,Ruby,GIFT_BASKET,SEASHELLS,71537.0,9
4971,Vinnie,Remy,CHOCOLATE,SEASHELLS,8016.0,7
4972,Vladimir,Rhianna,GIFT_BASKET,SEASHELLS,71541.0,2
4972,Vinnie,Remy,STRAWBERRIES,SEASHELLS,4046.0,6
4975,Rhianna,Vladimir,GIFT_BASKET,SEASHELLS,71562.0,5
4977,Remy,Vinnie,CHOCOLATE,SEASHELLS,8017.0,8
4978,Vinnie,Remy,ROSES,SEASHELLS,14671.0,5
4979,Remy,Vinnie,ROSES,SEASHELLS,14673.0,5
4980,Vinnie,Remy,ROSES,SEASHELLS,14673.0,5
4982,Vinnie,Remy,ROSES,SEASHELLS,14674.0,1
4982,Remy,Vinnie,CHOCOLATE,SEASHELLS,8016.0,5
4986,Vinnie,Remy,ROSES,SEASHELLS,14675.0,4
4986,Remy,Vinnie,STRAWBERRIES,SEASHELLS,4049.0,8
4989,Vinnie,Remy,ROSES,SEASHELLS,14674.0,4
4990,Vinnie,Remy,STRAWBERRIES,SEASHELLS,4048.0,9
4991,Remy,Vinnie,CHOCOLATE,SEASHELLS,8012.0,6
4998,Vinnie,Vladimir,ROSES,SEASHELLS,14674.0,3
4998,Vinnie,Vladimir,STRAWBERRIES,SEASHELLS,4048.0,3
5002,Vinnie,Vladimir,STRAWBERRIES,SEASHELLS,4048.0,4
5002,Remy,Vinnie,ROSES,SEASHELLS,14682.0,5
5003,Vinnie,Vladimir,CHOCOLATE,SEASHELLS,8010.0,5
5003,Ruby,Vinnie,GIFT_BASKET,SEASHELLS,71545.0,2
5007,Vinnie,Vladimir,ROSES,SEASHELLS,14679.0,9
5010,Vinnie,Remy,ROSES,SEASHELLS,14681.0,1
5010,Vinnie,Remy,CHOCOLATE,SEASHELLS,8011.0,5
5014,Vinnie,Remy,STRAWBERRIES,SEASHELLS,4049.0,5
5014,Vinnie,Remy,CHOCOLATE,SEASHELLS,8011.0,8
5016,Vinnie,Remy,ROSES,SEASHELLS,14673.0,5
5023,Remy,Vinnie,CHOCOLATE,SEASHELLS,8007.0,7
5024,Vinnie,Ruby,GIFT_BASKET,SEASHELLS,71477.0,2
5024,Vinnie,Remy,ROSES,SEASHELLS,14664.0,5
5030,Vinnie,Vladimir,STRAWBERRIES,SEASHELLS,4048.0,10
5034,Remy,Vinnie,ROSES,SEASHELLS,14678.0,2
5036,Vinnie,Remy,CHOCOLATE,SEASHELLS,7999.0,5
5036,Vinnie,Remy,STRAWBERRIES,SEASHELLS,4049.0,7
5040,Vinnie,Remy,ROSES,SEASHELLS,14683.0,4
5042,Vinnie,Remy,STRAWBERRIES,SEASHELLS,4048.0,7
5044,Vinnie,Vladimir,ROSES,SEASHELLS,14691.0,8
5045,Remy,Vinnie,CHOCOLATE,SEASHELLS,8002.0,6
5048,Remy,Vinnie,ROSES,SEASHELLS,14698.0,2
5050,Rhianna,Vladimir,GIFT_BASKET,SEASHELLS,71480.0,2
5053,Vinnie,Remy,CHOCOLATE,SEASHELLS,8001.0,8
5060,Vinnie,Vladimir,ROSES,SEASHELLS,14704.0,9
5064,Remy,Vinnie,CHOCOLATE,SEASHELLS,8002.0,6
5064,Vinnie,Vladimir,STRAWBERRIES,SEASHELLS,4048.0,4
5065,Vinnie,Remy,CHOCOLATE,SEASHELLS,7999.0,7
5070,Vinnie,Remy,CHOCOLATE,SEASHELLS,7998.0,8
5071,Vinnie,Remy,ROSES,SEASHELLS,14698.0,2
5072,Remy,Vinnie,STRAWBERRIES,SEASHELLS,4049.0,6
5072,Vinnie,Vladimir,CHOCOLATE,SEASHELLS,7998.0,8
5084,Remy,Vinnie,CHOCOLATE,SEASHELLS,7997.0,8
5092,Vinnie,Remy,ROSES,SEASHELLS,14703.0,2
5094,Vinnie,Rhianna,GIFT_BASKET,SEASHELLS,71476.0,1
5094,Vladimir,Rhianna,GIFT_BASKET,SEASHELLS,71475.0,7
5094,Ruby,Vinnie,GIFT_BASKET,SEASHELLS,71481.0,6
5095,Vinnie,Remy,CHOCOLATE,SEASHELLS,7994.0,6
5095,Remy,Vinnie,STRAWBERRIES,SEASHELLS,4052.0,4
5098,Vinnie,Vladimir,STRAWBERRIES,SEASHELLS,4050.0,7
5102,Remy,Vinnie,ROSES,SEASHELLS,14699.0,4
5105,Vinnie,Vladimir,STRAWBERRIES,SEASHELLS,4051.0,10
5106,Vinnie,Vladimir,STRAWBERRIES,SEASHELLS,4051.0,12
5106,Remy,Vinnie,ROSES,SEASHELLS,14705.0,5
5114,Remy,Vinnie,ROSES,SEASHELLS,14711.0,1
5116,Vinnie,Remy,CHOCOLATE,SEASHELLS,7999.0,6
5118,Vinnie,Vladimir,STRAWBERRIES,SEASHELLS,4050.0,7
5129,Vinnie,Remy,ROSES,SEASHELLS,14692.0,5
5129,Vinnie,Remy,STRAWBERRIES,SEASHELLS,4048.0,7
5131,Remy,Vinnie,ROSES,SEASHELLS,14691.0,4
5133,Vinnie,Remy,CHOCOLATE,SEASHELLS,7996.0,5
5138,Remy,Vinnie,CHOCOLATE,SEASHELLS,7994.0,7
5138,Remy,Vinnie,STRAWBERRIES,SEASHELLS,4050.0,9
5141,Vinnie,Vladimir,ROSES,SEASHELLS,14696.0,8
5142,Vinnie,Remy,STRAWBERRIES,SEASHELLS,4048.0,8
5153,Vinnie,Remy,STRAWBERRIES,SEASHELLS,4048.0,6
5154,Vinnie,Remy,ROSES,SEASHELLS,14676.0,5
5155,Vinnie,Rhianna,GIFT_BASKET,SEASHELLS,71356.0,2
5161,Vinnie,Remy,ROSES,SEASHELLS,14689.0,3
5167,Remy,Vinnie,STRAWBERRIES,SEASHELLS,4048.0,6
5173,Vinnie,Remy,ROSES,SEASHELLS,14692.0,5
5175,Vinnie,Remy,STRAWBERRIES,SEASHELLS,4044.0,6
5180,Vladimir,Rhianna,GIFT_BASKET,SEASHELLS,71398.0,4
5180,Vinnie,Rhianna,GIFT_BASKET,SEASHELLS,71399.0,2
5180,Remy,Vinnie,ROSES,SEASHELLS,14704.0,4
5182,Remy,Vinnie,ROSES,SEASHELLS,14699.0,4
5182,Vladimir,Rhianna,GIFT_BASKET,SEASHELLS,71382.0,4
5183,Remy,Vinnie,CHOCOLATE,SEASHELLS,7990.0,7
5187,Vinnie,Vladimir,ROSES,SEASHELLS,14700.0,9
5192,Vinnie,Ruby,GIFT_BASKET,SEASHELLS,71413.0,1
5194,Vinnie,Vladimir,STRAWBERRIES,SEASHELLS,4044.0,12
5202,Vinnie,Vladimir,STRAWBERRIES,SEASHELLS,4044.0,9
5202,Vinnie,Remy,ROSES,SEASHELLS,14705.0,2
5203,Vinnie,Remy,STRAWBERRIES,SEASHELLS,4044.0,6
5205,Rhianna,Vladimir,GIFT_BASKET,SEASHELLS,71479.0,4
5205,Rhianna,Vinnie,GIFT_BASKET,SEASHELLS,71479.0,2
5208,Vinnie,Remy,CHOCOLATE,SEASHELLS,7996.0,7
5211,Remy,Vinnie,CHOCOLATE,SEASHELLS,7999.0,8
5214,Vinnie,Remy,ROSES,SEASHELLS,14712.0,2
5217,Vinnie,Vladimir,STRAWBERRIES,SEASHELLS,4043.0,12
5217,Remy,Vinnie,ROSES,SEASHELLS,14713.0,1
5222,Remy,Vinnie,ROSES,SEASHELLS,14718.0,5
5223,Remy,Vinnie,ROSES,SEASHELLS,14723.0,3
5226,Remy,Vinnie,STRAWBERRIES,SEASHELLS,4045.0,6
5228,Remy,Vinnie,CHOCOLATE,SEASHELLS,7998.0,6
5230,Remy,Vinnie,CHOCOLATE,SEASHELLS,7997.0,8
5232,Vinnie,Vladimir,CHOCOLATE,SEASHELLS,7998.0,7
5232,Remy,Vinnie,STRAWBERRIES,SEASHELLS,4044.0,9
5232,Vinnie,Remy,ROSES,SEASHELLS,14723.0,1
5233,Vinnie,Remy,STRAWBERRIES,SEASHELLS,4042.0,8
5233,Vinnie,Vladimir,STRAWBERRIES,SEASHELLS,4042.0,7
5238,Vinnie,Remy,STRAWBERRIES,SEASHELLS,4041.0,7
5240,Remy,Vinnie,ROSES,SEASHELLS,14714.0,5
5241,Remy,Vinnie,ROSES,SEASHELLS,14718.0,4
5244,Vinnie,Remy,ROSES,SEASHELLS,14712.0,4
5247,Vinnie,Vladimir,STRAWBERRIES,SEASHELLS,4041.0,11
5249,Remy,Vinnie,ROSES,SEASHELLS,14706.0,5
5251,Vinnie,Vladimir,ROSES,SEASHELLS,14713.0,10
5255,Vinnie,Remy,CHOCOLATE,SEASHELLS,8004.0,8
5256,Remy,Vinnie,ROSES,SEASHELLS,14704.0,4
5261,Remy,Vinnie,ROSES,SEASHELLS,14695.0,2
5262,Rhianna,Vladimir,GIFT_BASKET,SEASHELLS,71493.0,5
5262,Rhianna,Vinnie,GIFT_BASKET,SEASHELLS,71493.0,2
5263,Ruby,Vinnie,GIFT_BASKET,SEASHELLS,71488.0,2
5269,Vinnie,Remy,CHOCOLATE,SEASHELLS,8004.0,5
5272,Vinnie,Vladimir,STRAWBERRIES,SEASHELLS,4042.0,8
5274,Vinnie,Remy,CHOCOLATE,SEASHELLS,8006.0,5
5278,Vinnie,Remy,ROSES,SEASHELLS,14708.0,2
5279,Remy,Vinnie,ROSES,SEASHELLS,14709.0,3
5280,Vladimir,Rhianna,GIFT_BASKET,SEASHELLS,71535.0,6
5282,Vinnie,Vladimir,CHOCOLATE,SEASHELLS,8006.0,9
5284,Remy,Vinnie,ROSES,SEASHELLS,14716.0,5
5287,Ruby,Vinnie,GIFT_BASKET,SEASHELLS,71536.0,2
5288,Remy,Vinnie,ROSES,SEASHELLS,14721.0,2
5289,Remy,Vinnie,STRAWBERRIES,SEASHELLS,4042.0,5
5290,Vinnie,Remy,STRAWBERRIES,SEASHELLS,4041.0,7
5292,Remy,Vinnie,ROSES,SEASHELLS,14724.0,2
5295,Vinnie,Remy,CHOCOLATE,SEASHELLS,8011.0,8
5297,Remy,Vinnie,ROSES,SEASHELLS,14726.0,2
5308,Vinnie,Vladimir,STRAWBERRIES,SEASHELLS,4046.0,8
5314,Vinnie,Remy,STRAWBERRIES,SEASHELLS,4046.0,7
5315,Remy,Vinnie,ROSES,SEASHELLS,14737.0,5
5322,Remy,Vinnie,ROSES,SEASHELLS,14723.0,1
5322,Remy,Vinnie,CHOCOLATE,SEASHELLS,8010.0,5
5323,Vinnie,Remy,CHOCOLATE,SEASHELLS,8009.0,8
5336,Vinnie,Vladimir,CHOCOLATE,SEASHELLS,8012.0,4
5336,Rhianna,Vinnie,GIFT_BASKET,SEASHELLS,71475.0,2
5336,Rhianna,Vladimir,GIFT_BASKET,SEASHELLS,71475.0,4
5340,Remy,Vinnie,CHOCOLATE,SEASHELLS,8012.0,5
5343,Remy,Vinnie,ROSES,SEASHELLS,14700.0,5
5343,Vladimir,Rhianna,GIFT_BASKET,SEASHELLS,71464.0,3
5343,Vinnie,Rhianna,GIFT_BASKET,SEASHELLS,71465.0,2
5345,Vinnie,Remy,CHOCOLATE,SEASHELLS,8013.0,6
5347,Remy,Vinnie,STRAWBERRIES,SEASHELLS,4046.0,7
5349,Remy,Vinnie,STRAWBERRIES,SEASHELLS,4045.0,6
5353,Remy,Vinnie,STRAWBERRIES,SEASHELLS,4045.0,10
5357,Vinnie,Vladimir,CHOCOLATE,SEASHELLS,8013.0,9
5362,Rhianna,Vinnie,GIFT_BASKET,SEASHELLS,71464.0,2
5362,Remy,Vinnie,CHOCOLATE,SEASHELLS,8010.0,8
5363,Remy,Vinnie,CHOCOLATE,SEASHELLS,8011.0,6
5364,Ruby,Vinnie,GIFT_BASKET,SEASHELLS,71479.0,2
5368,Vinnie,Remy,ROSES,SEASHELLS,14696.0,3
5369,Remy,Vinnie,ROSES,SEASHELLS,14702.0,1
5371,Remy,Vinnie,ROSES,SEASHELLS,14692.0,2
5377,Remy,Vinnie,ROSES,SEASHELLS,14699.0,1
5377,Remy,Vinnie,STRAWBERRIES,SEASHELLS,4044.0,9
5378,Vinnie,Vladimir,CHOCOLATE,SEASHELLS,8013.0,10
5378,Vinnie,Remy,CHOCOLATE,SEASHELLS,8013.0,8
5381,Vinnie,Vladimir,STRAWBERRIES,SEASHELLS,4043.0,6
5386,Vinnie,Remy,STRAWBERRIES,SEASHELLS,4043.0,10
5387,Vinnie,Remy,STRAWBERRIES,SEASHELLS,4043.0,4
5389,Vinnie,Ruby,GIFT_BASKET,SEASHELLS,71460.0,2
5390,Remy,Vinnie,CHOCOLATE,SEASHELLS,8011.0,6
5391,Remy,Vinnie,CHOCOLATE,SEASHELLS,8011.0,8
5391,Vinnie,Vladimir,CHOCOLATE,SEASHELLS,8009.0,9
5392,Vinnie,Vladimir,ROSES,SEASHELLS,14691.0,3
5393,Vinnie,Remy,CHOCOLATE,SEASHELLS,8008.0,7
5395,Remy,Vinnie,ROSES,SEASHELLS,14697.0,1
5396,Remy,Vinnie,STRAWBERRIES,SEASHELLS,4044.0,6
5397,Vinnie,Rhianna,GIFT_BASKET,SEASHELLS,71439.0,2
5397,Vladimir,Rhianna,GIFT_BASKET,SEASHELLS,71439.0,4
5398,Vinnie,Remy,CHOCOLATE,SEASHELLS,8009.0,8
5399,Remy,Vinnie,CHOCOLATE,SEASHELLS,8010.0,6
5403,Remy,Vinnie,CHOCOLATE,SEASHELLS,8008.0,7
5403,Rhianna,Vladimir,GIFT_BASKET,SEASHELLS,71467.0,5
5403,Rhianna,Vinnie,GIFT_BASKET,SEASHELLS,71467.0,1
5410,Vinnie,Rhianna,GIFT_BASKET,SEASHELLS,71468.0,1
5413,Vinnie,Remy,STRAWBERRIES,SEASHELLS,4043.0,10
5416,Vinnie,Remy,CHOCOLATE,SEASHELLS,8011.0,8
5419,Vinnie,Remy,CHOCOLATE,SEASHELLS,8010.0,6
