timestamp,buyer,seller,symbol,currency,price,quantity
8,Valentina,Valentina,COCONUT_COUPON,SEASHELLS,636.0,5
9,Valentina,Vinnie,COCONUT_COUPON,SEASHELLS,634.0,17
11,Valentina,Ruby,COCONUT_COUPON,SEASHELLS,635.0,17
19,Valentina,Vinnie,COCONUT_COUPON,SEASHELLS,635.0,16
20,Valentina,Vinnie,COCONUT_COUPON,SEASHELLS,637.0,14
30,Valentina,Valentina,COCONUT_COUPON,SEASHELLS,631.0,6
39,Vinnie,Vinnie,COCONUT_COUPON,SEASHELLS,635.0,2
39,Vladimir,Vinnie,COCONUT_COUPON,SEASHELLS,635.0,10
42,Ruby,Valentina,COCONUT_COUPON,SEASHELLS,635.0,20
43,Valentina,Vinnie,COCONUT_COUPON,SEASHELLS,635.0,16
43,Vladimir,Vinnie,COCONUT_COUPON,SEASHELLS,635.0,2
49,Valentina,Ruby,COCONUT_COUPON,SEASHELLS,636.0,12
52,Vinnie,Vinnie,COCONUT,SEASHELLS,9997.0,8
65,Valentina,Rhianna,COCONUT_COUPON,SEASHELLS,642.0,9
68,Valentina,Vinnie,COCONUT_COUPON,SEASHELLS,643.0,11
79,Valentina,Ruby,COCONUT_COUPON,SEASHELLS,635.0,18
89,Valentina,Vinnie,COCONUT_COUPON,SEASHELLS,639.0,15
89,Vladimir,Vinnie,COCONUT_COUPON,SEASHELLS,639.0,5
93,Raj,Vinnie,COCONUT,SEASHELLS,10005.0,6
105,Valentina,Ruby,COCONUT_COUPON,SEASHELLS,635.0,16
105,Vladimir,Ruby,COCONUT_COUPON,SEASHELLS,635.0,4
109,Vinnie,Vinnie,COCONUT,SEASHELLS,10007.0,10
125,Vinnie,Raj,COCONUT,SEASHELLS,10003.0,10
145,Valentina,Rhianna,COCONUT_COUPON,SEASHELLS,641.0,11
146,Valentina,Valentina,COCONUT_COUPON,SEASHELLS,641.0,6
146,Valentina,Vinnie,COCONUT_COUPON,SEASHELLS,641.0,11
149,Vinnie,Vinnie,COCONUT,SEASHELLS,10004.0,10
153,Valentina,Vinnie,COCONUT_COUPON,SEASHELLS,641.0,14
155,Ruby,Valentina,COCONUT_COUPON,SEASHELLS,639.0,16
155,Ruby,Vladimir,COCONUT_COUPON,SEASHELLS,639.0,4
160,Vinnie,Vinnie,COCONUT,SEASHELLS,10001.0,8
162,Vinnie,Vinnie,COCONUT,SEASHELLS,10000.0,10
164,Valentina,Ruby,COCONUT_COUPON,SEASHELLS,635.0,11
166,Valentina,Valentina,COCONUT_COUPON,SEASHELLS,633.0,9
171,Vinnie,Vinnie,COCONUT,SEASHELLS,10000.0,10
184,Ruby,Valentina,COCONUT_COUPON,SEASHELLS,638.0,14
201,Vinnie,Vinnie,COCONUT,SEASHELLS,9990.0,5
201,Vinnie,Raj,COCONUT,SEASHELLS,9990.0,10
207,Valentina,Valentina,COCONUT_COUPON,SEASHELLS,631.0,6
208,Vinnie,Raj,COCONUT,SEASHELLS,9993.0,10
229,Valentina,Valentina,COCONUT_COUPON,SEASHELLS,627.0,7
236,Vinnie,Vinnie,COCONUT,SEASHELLS,9988.0,7
238,Vinnie,Vinnie,COCONUT,SEASHELLS,9988.0,5
249,Vinnie,Vinnie,COCONUT,SEASHELLS,9990.0,6
254,Vinnie,Vinnie,COCONUT,SEASHELLS,9991.0,10
257,Vinnie,Vinnie,COCONUT,SEASHELLS,9993.0,9
265,Rhianna,Vinnie,COCONUT,SEASHELLS,9996.0,3
266,Valentina,Vinnie,COCONUT_COUPON,SEASHELLS,625.0,17
266,Vladimir,Valentina,COCONUT_COUPON,SEASHELLS,625.0,10
268,Valentina,Vinnie,COCONUT_COUPON,SEASHELLS,623.0,20
294,Valentina,Vinnie,COCONUT_COUPON,SEASHELLS,624.0,20
302,Vinnie,Vinnie,COCONUT,SEASHELLS,9994.0,7
305,Vinnie,Vinnie,COCONUT,SEASHELLS,9993.0,9
310,Valentina,Vinnie,COCONUT_COUPON,SEASHELLS,628.0,19
313,Vinnie,Vinnie,COCONUT,SEASHELLS,9993.0,7
318,Ruby,Valentina,COCONUT_COUPON,SEASHELLS,637.0,11
324,Vinnie,Vinnie,COCONUT,SEASHELLS,9993.0,5
330,Vinnie,Rhianna,COCONUT,SEASHELLS,9994.0,1
331,Valentina,Vinnie,COCONUT_COUPON,SEASHELLS,637.0,15
332,Vinnie,Vinnie,COCONUT,SEASHELLS,9994.0,10
342,Ruby,Valentina,COCONUT_COUPON,SEASHELLS,630.0,20
354,Valentina,Vinnie,COCONUT_COUPON,SEASHELLS,635.0,15
360,Ruby,Valentina,COCONUT_COUPON,SEASHELLS,634.0,10
362,Valentina,Rhianna,COCONUT_COUPON,SEASHELLS,634.0,5
369,Valentina,Ruby,COCONUT_COUPON,SEASHELLS,634.0,15
373,Valentina,Vinnie,COCONUT_COUPON,SEASHELLS,632.0,20
388,Valentina,Vinnie,COCONUT_COUPON,SEASHELLS,638.0,11
391,Valentina,Vinnie,COCONUT_COUPON,SEASHELLS,637.0,12
397,Valentina,Valentina,COCONUT_COUPON,SEASHELLS,643.0,10
408,Valentina,Vinnie,COCONUT_COUPON,SEASHELLS,636.0,16
412,Vinnie,Vinnie,COCONUT,SEASHELLS,9981.0,9
415,Ruby,Valentina,COCONUT_COUPON,SEASHELLS,638.0,16
416,Vinnie,Vinnie,COCONUT,SEASHELLS,9978.0,10
424,Vinnie,Vinnie,COCONUT,SEASHELLS,9979.0,8
427,Vinnie,Vinnie,COCONUT,SEASHELLS,9978.0,5
429,Vinnie,Vinnie,COCONUT,SEASHELLS,9975.0,5
431,Raj,Vinnie,COCONUT,SEASHELLS,9974.0,8
433,Vinnie,Vinnie,COCONUT,SEASHELLS,9975.0,9
435,Valentina,Vinnie,COCONUT_COUPON,SEASHELLS,627.0,12
440,Valentina,Valentina,COCONUT_COUPON,SEASHELLS,629.0,5
446,Valentina,Vinnie,COCONUT_COUPON,SEASHELLS,627.0,13
446,Ruby,Valentina,COCONUT_COUPON,SEASHELLS,628.0,19
457,Valentina,Vinnie,COCONUT_COUPON,SEASHELLS,620.0,20
463,Vinnie,Vinnie,COCONUT,SEASHELLS,9970.0,5
464,Vinnie,Raj,COCONUT,SEASHELLS,9969.0,8
466,Valentina,Vinnie,COCONUT_COUPON,SEASHELLS,616.0,16
473,Ruby,Valentina,COCONUT_COUPON,SEASHELLS,615.0,14
478,Ruby,Valentina,COCONUT_COUPON,SEASHELLS,614.0,13
479,Ruby,Valentina,COCONUT_COUPON,SEASHELLS,614.0,16
481,Ruby,Valentina,COCONUT_COUPON,SEASHELLS,615.0,10
481,Raj,Vinnie,COCONUT,SEASHELLS,9969.0,8
486,Vinnie,Vinnie,COCONUT,SEASHELLS,9964.0,5
496,Valentina,Vinnie,COCONUT_COUPON,SEASHELLS,613.0,20
499,Valentina,Ruby,COCONUT_COUPON,SEASHELLS,618.0,12
506,Valentina,Vinnie,COCONUT_COUPON,SEASHELLS,616.0,13
511,Valentina,Rhianna,COCONUT_COUPON,SEASHELLS,619.0,14
513,Rhianna,Vinnie,COCONUT,SEASHELLS,9969.0,3
522,Vinnie,Vinnie,COCONUT,SEASHELLS,9970.0,8
525,Vinnie,Vinnie,COCONUT_COUPON,SEASHELLS,621.0,2
528,Vinnie,Rhianna,COCONUT,SEASHELLS,9972.0,3
541,Vinnie,Raj,COCONUT,SEASHELLS,9975.0,6
542,Rhianna,Valentina,COCONUT_COUPON,SEASHELLS,622.0,4
544,Valentina,Vinnie,COCONUT_COUPON,SEASHELLS,621.0,11
544,Ruby,Valentina,COCONUT_COUPON,SEASHELLS,622.0,10
553,Valentina,Vinnie,COCONUT_COUPON,SEASHELLS,625.0,15
553,Vladimir,Vinnie,COCONUT_COUPON,SEASHELLS,625.0,1
554,Vinnie,Rhianna,COCONUT,SEASHELLS,9974.0,3
561,Ruby,Valentina,COCONUT_COUPON,SEASHELLS,628.0,11
562,Vinnie,Vinnie,COCONUT,SEASHELLS,9973.0,9
566,Ruby,Valentina,COCONUT_COUPON,SEASHELLS,626.0,13
574,Valentina,Valentina,COCONUT_COUPON,SEASHELLS,622.0,6
575,Valentina,Vinnie,COCONUT_COUPON,SEASHELLS,622.0,14
580,Rhianna,Vinnie,COCONUT,SEASHELLS,9966.0,2
588,Vinnie,Raj,COCONUT,SEASHELLS,9962.0,5
590,Valentina,Vinnie,COCONUT_COUPON,SEASHELLS,617.0,17
593,Vinnie,Vinnie,COCONUT,SEASHELLS,9960.0,5
596,Valentina,Valentina,COCONUT_COUPON,SEASHELLS,616.0,9
609,Vladimir,Ruby,COCONUT_COUPON,SEASHELLS,615.0,12
611,Vinnie,Vinnie,COCONUT,SEASHELLS,9956.0,9
616,Vinnie,Rhianna,COCONUT,SEASHELLS,9952.0,3
619,Valentina,Vinnie,COCONUT_COUPON,SEASHELLS,610.0,14
626,Valentina,Vinnie,COCONUT_COUPON,SEASHELLS,605.0,18
629,Valentina,Vinnie,COCONUT_COUPON,SEASHELLS,606.0,15
630,Valentina,Ruby,COCONUT_COUPON,SEASHELLS,604.0,11
632,Ruby,Valentina,COCONUT_COUPON,SEASHELLS,606.0,17
641,Rhianna,Vinnie,COCONUT,SEASHELLS,9947.0,3
655,Vinnie,Vinnie,COCONUT,SEASHELLS,9943.0,5
658,Vinnie,Vinnie,COCONUT,SEASHELLS,9945.0,7
665,Ruby,Valentina,COCONUT_COUPON,SEASHELLS,605.0,18
669,Vinnie,Vinnie,COCONUT,SEASHELLS,9943.0,7
673,Valentina,Vinnie,COCONUT_COUPON,SEASHELLS,609.0,11
691,Vinnie,Vinnie,COCONUT,SEASHELLS,9954.0,10
699,Vinnie,Vinnie,COCONUT,SEASHELLS,9953.0,8
703,Raj,Vinnie,COCONUT,SEASHELLS,9952.0,7
704,Valentina,Valentina,COCONUT_COUPON,SEASHELLS,614.0,8
714,Vinnie,Vinnie,COCONUT,SEASHELLS,9955.0,6
715,Valentina,Valentina,COCONUT_COUPON,SEASHELLS,615.0,7
718,Vinnie,Vinnie,COCONUT,SEASHELLS,9956.0,8
720,Valentina,Vinnie,COCONUT_COUPON,SEASHELLS,613.0,17
731,Vinnie,Vinnie,COCONUT,SEASHELLS,9955.0,9
733,Valentina,Vinnie,COCONUT_COUPON,SEASHELLS,611.0,10
737,Ruby,Valentina,COCONUT_COUPON,SEASHELLS,613.0,15
741,Rhianna,Vinnie,COCONUT,SEASHELLS,9960.0,3
748,Ruby,Valentina,COCONUT_COUPON,SEASHELLS,614.0,14
748,Valentina,Rhianna,COCONUT_COUPON,SEASHELLS,613.0,14
750,Vinnie,Vinnie,COCONUT,SEASHELLS,9963.0,7
755,Ruby,Valentina,COCONUT_COUPON,SEASHELLS,611.0,16
755,Ruby,Vladimir,COCONUT_COUPON,SEASHELLS,611.0,2
756,Valentina,Rhianna,COCONUT_COUPON,SEASHELLS,609.0,9
764,Ruby,Valentina,COCONUT_COUPON,SEASHELLS,607.0,16
772,Vinnie,Vinnie,COCONUT,SEASHELLS,9958.0,8
776,Valentina,Vinnie,COCONUT_COUPON,SEASHELLS,603.0,17
777,Vinnie,Vinnie,COCONUT,SEASHELLS,9954.0,6
779,Valentina,Ruby,COCONUT_COUPON,SEASHELLS,602.0,11
781,Ruby,Vladimir,COCONUT_COUPON,SEASHELLS,601.0,1
781,Ruby,Valentina,COCONUT_COUPON,SEASHELLS,601.0,18
784,Vinnie,Raj,COCONUT,SEASHELLS,9956.0,5
785,Valentina,Vinnie,COCONUT_COUPON,SEASHELLS,598.0,13
788,Valentina,Valentina,COCONUT_COUPON,SEASHELLS,597.0,6
793,Vinnie,Vinnie,COCONUT,SEASHELLS,9953.0,7
794,Valentina,Vinnie,COCONUT_COUPON,SEASHELLS,598.0,13
829,Vinnie,Vinnie,COCONUT,SEASHELLS,9961.0,5
832,Valentina,Vinnie,COCONUT_COUPON,SEASHELLS,605.0,17
833,Vladimir,Vinnie,COCONUT_COUPON,SEASHELLS,607.0,12
855,Vinnie,Vinnie,COCONUT,SEASHELLS,9952.0,9
865,Vinnie,Vinnie,COCONUT,SEASHELLS,9950.0,6
873,Valentina,Vinnie,COCONUT_COUPON,SEASHELLS,599.0,11
883,Valentina,Valentina,COCONUT_COUPON,SEASHELLS,594.0,8
885,Valentina,Vinnie,COCONUT_COUPON,SEASHELLS,593.0,20
885,Vinnie,Vinnie,COCONUT,SEASHELLS,9949.0,9
886,Valentina,Valentina,COCONUT_COUPON,SEASHELLS,594.0,7
892,Valentina,Vinnie,COCONUT_COUPON,SEASHELLS,589.0,16
893,Vinnie,Vinnie,COCONUT,SEASHELLS,9941.0,5
903,Vinnie,Vinnie,COCONUT,SEASHELLS,9943.0,9
916,Valentina,Ruby,COCONUT_COUPON,SEASHELLS,586.0,13
922,Valentina,Rhianna,COCONUT_COUPON,SEASHELLS,591.0,8
945,Valentina,Vinnie,COCONUT_COUPON,SEASHELLS,587.0,11
946,Valentina,Vinnie,COCONUT_COUPON,SEASHELLS,587.0,16
959,Valentina,Ruby,COCONUT_COUPON,SEASHELLS,586.0,12
963,Ruby,Valentina,COCONUT_COUPON,SEASHELLS,589.0,11
963,Valentina,Vinnie,COCONUT_COUPON,SEASHELLS,588.0,12
965,Vinnie,Vinnie,COCONUT,SEASHELLS,9951.0,5
966,Ruby,Valentina,COCONUT_COUPON,SEASHELLS,593.0,18
970,Valentina,Vinnie,COCONUT_COUPON,SEASHELLS,592.0,17
971,Raj,Vinnie,COCONUT,SEASHELLS,9952.0,7
973,Vinnie,Vinnie,COCONUT,SEASHELLS,9950.0,7
977,Valentina,Ruby,COCONUT_COUPON,SEASHELLS,590.0,18
979,Valentina,Vinnie,COCONUT_COUPON,SEASHELLS,587.0,14
996,Valentina,Vinnie,COCONUT_COUPON,SEASHELLS,594.0,13
997,Valentina,Vinnie,COCONUT_COUPON,SEASHELLS,592.0,20
1013,Valentina,Vinnie,COCONUT_COUPON,SEASHELLS,600.0,14
1015,Vladimir,Ruby,COCONUT_COUPON,SEASHELLS,602.0,14
1015,Valentina,Rhianna,COCONUT_COUPON,SEASHELLS,602.0,10
1015,Valentina,Ruby,COCONUT_COUPON,SEASHELLS,602.0,5
1024,Valentina,Vinnie,COCONUT_COUPON,SEASHELLS,601.0,15
1024,Vladimir,Vinnie,COCONUT_COUPON,SEASHELLS,601.0,5
1024,Raj,Vinnie,COCONUT,SEASHELLS,9958.0,8
1028,Vinnie,Vinnie,COCONUT,SEASHELLS,9955.0,6
1032,Vinnie,Vinnie,COCONUT,SEASHELLS,9957.0,5
1034,Valentina,Vinnie,COCONUT_COUPON,SEASHELLS,603.0,11
1035,Vinnie,Vinnie,COCONUT,SEASHELLS,9956.0,5
1036,Valentina,Vinnie,COCONUT_COUPON,SEASHELLS,601.0,13
1050,Ruby,Valentina,COCONUT_COUPON,SEASHELLS,612.0,15
1060,Vinnie,Vinnie,COCONUT,SEASHELLS,9953.0,9
1061,Vinnie,Vinnie,COCONUT,SEASHELLS,9953.0,8
1072,Vinnie,Vinnie,COCONUT,SEASHELLS,9951.0,8
1075,Raj,Vinnie,COCONUT,SEASHELLS,9952.0,6
1085,Vinnie,Raj,COCONUT,SEASHELLS,9948.0,5
1085,Valentina,Ruby,COCONUT_COUPON,SEASHELLS,607.0,11
1089,Valentina,Vinnie,COCONUT_COUPON,SEASHELLS,609.0,18
1092,Valentina,Rhianna,COCONUT_COUPON,SEASHELLS,611.0,13
1125,Valentina,Vinnie,COCONUT_COUPON,SEASHELLS,619.0,16
1128,Vinnie,Vinnie,COCONUT,SEASHELLS,9966.0,9
1135,Valentina,Vinnie,COCONUT_COUPON,SEASHELLS,619.0,14
1137,Ruby,Valentina,COCONUT_COUPON,SEASHELLS,617.0,10
1142,Vinnie,Vinnie,COCONUT,SEASHELLS,9958.0,9
1148,Valentina,Ruby,COCONUT_COUPON,SEASHELLS,610.0,13
1167,Valentina,Ruby,COCONUT_COUPON,SEASHELLS,612.0,14
1170,Vinnie,Vinnie,COCONUT,SEASHELLS,9950.0,10
1177,Valentina,Vinnie,COCONUT_COUPON,SEASHELLS,613.0,13
1181,Vinnie,Vinnie,COCONUT,SEASHELLS,9948.0,5
1186,Vinnie,Rhianna,COCONUT,SEASHELLS,9949.0,3
1189,Vinnie,Vinnie,COCONUT,SEASHELLS,9950.0,6
1219,Valentina,Vinnie,COCONUT_COUPON,SEASHELLS,617.0,12
1227,Valentina,Vinnie,COCONUT_COUPON,SEASHELLS,613.0,17
1232,Valentina,Vinnie,COCONUT_COUPON,SEASHELLS,613.0,17
1248,Ruby,Valentina,COCONUT_COUPON,SEASHELLS,622.0,20
1248,Valentina,Vinnie,COCONUT_COUPON,SEASHELLS,621.0,11
1252,Vinnie,Vinnie,COCONUT,SEASHELLS,9956.0,8
1256,Vinnie,Vinnie,COCONUT,SEASHELLS,9955.0,9
1256,Rhianna,Vinnie,COCONUT,SEASHELLS,9956.0,3
1261,Valentina,Rhianna,COCONUT_COUPON,SEASHELLS,620.0,10
1271,Raj,Vinnie,COCONUT,SEASHELLS,9958.0,6
1283,Vinnie,Vinnie,COCONUT,SEASHELLS,9958.0,8
1285,Vinnie,Raj,COCONUT,SEASHELLS,9956.0,8
1304,Valentina,Vinnie,COCONUT_COUPON,SEASHELLS,622.0,20
1312,Vinnie,Vinnie,COCONUT,SEASHELLS,9956.0,5
1323,Valentina,Valentina,COCONUT_COUPON,SEASHELLS,617.0,8
1335,Valentina,Rhianna,COCONUT_COUPON,SEASHELLS,618.0,7
1341,Vinnie,Vinnie,COCONUT,SEASHELLS,9962.0,5
1351,Valentina,Ruby,COCONUT_COUPON,SEASHELLS,620.0,13
1351,Valentina,Rhianna,COCONUT_COUPON,SEASHELLS,620.0,6
1357,Valentina,Vinnie,COCONUT_COUPON,SEASHELLS,621.0,10
1360,Vinnie,Raj,COCONUT,SEASHELLS,9970.0,9
1361,Valentina,Vinnie,COCONUT_COUPON,SEASHELLS,623.0,10
1378,Ruby,Valentina,COCONUT_COUPON,SEASHELLS,615.0,16
1397,Valentina,Ruby,COCONUT_COUPON,SEASHELLS,615.0,12
1399,Valentina,Rhianna,COCONUT_COUPON,SEASHELLS,616.0,7
1405,Vinnie,Vinnie,COCONUT,SEASHELLS,9961.0,7
1409,Vinnie,Vinnie,COCONUT,SEASHELLS,9963.0,8
1412,Valentina,Ruby,COCONUT_COUPON,SEASHELLS,615.0,17
1425,Raj,Vinnie,COCONUT,SEASHELLS,9962.0,10
1435,Raj,Vinnie,COCONUT,SEASHELLS,9960.0,9
1436,Valentina,Rhianna,COCONUT_COUPON,SEASHELLS,613.0,6
1443,Valentina,Vinnie,COCONUT_COUPON,SEASHELLS,613.0,10
1454,Valentina,Vinnie,COCONUT_COUPON,SEASHELLS,611.0,17
1454,Vladimir,Vinnie,COCONUT_COUPON,SEASHELLS,611.0,2
1469,Vinnie,Vinnie,COCONUT,SEASHELLS,9959.0,9
1475,Vinnie,Raj,COCONUT,SEASHELLS,9959.0,8
1489,Vinnie,Vinnie,COCONUT,SEASHELLS,9958.0,10
1498,Vinnie,Vinnie,COCONUT,SEASHELLS,9957.0,10
1505,Vinnie,Rhianna,COCONUT,SEASHELLS,9958.0,1
1514,Valentina,Rhianna,COCONUT_COUPON,SEASHELLS,613.0,11
1526,Valentina,Vinnie,COCONUT_COUPON,SEASHELLS,608.0,10
1536,Ruby,Valentina,COCONUT_COUPON,SEASHELLS,608.0,13
1537,Valentina,Vinnie,COCONUT_COUPON,SEASHELLS,608.0,18
1538,Valentina,Vinnie,COCONUT_COUPON,SEASHELLS,609.0,19
1541,Vinnie,Rhianna,COCONUT,SEASHELLS,9963.0,3
1542,Vinnie,Raj,COCONUT,SEASHELLS,9964.0,8
1561,Rhianna,Vinnie,COCONUT,SEASHELLS,9968.0,1
1569,Valentina,Valentina,COCONUT_COUPON,SEASHELLS,607.0,5
1579,Vinnie,Vinnie,COCONUT,SEASHELLS,9973.0,5
1583,Valentina,Vinnie,COCONUT_COUPON,SEASHELLS,605.0,15
1585,Valentina,Vinnie,COCONUT_COUPON,SEASHELLS,603.0,15
1599,Ruby,Valentina,COCONUT_COUPON,SEASHELLS,601.0,10
1599,Vinnie,Vinnie,COCONUT,SEASHELLS,9971.0,8
1606,Vinnie,Vinnie,COCONUT_COUPON,SEASHELLS,602.0,2
1606,Vladimir,Vinnie,COCONUT_COUPON,SEASHELLS,602.0,15
1606,Vladimir,Vinnie,COCONUT_COUPON,SEASHELLS,602.0,3
1623,Vinnie,Ruby,COCONUT_COUPON,SEASHELLS,601.0,2
1623,Valentina,Ruby,COCONUT_COUPON,SEASHELLS,601.0,5
1623,Valentina,Vinnie,COCONUT_COUPON,SEASHELLS,601.0,12
1623,Vladimir,Ruby,COCONUT_COUPON,SEASHELLS,601.0,12
1624,Valentina,Vinnie,COCONUT_COUPON,SEASHELLS,603.0,17
1629,Vinnie,Vinnie,COCONUT,SEASHELLS,9973.0,7
1635,Ruby,Valentina,COCONUT_COUPON,SEASHELLS,605.0,16
1655,Vladimir,Vinnie,COCONUT_COUPON,SEASHELLS,604.0,2
1655,Valentina,Vinnie,COCONUT_COUPON,SEASHELLS,604.0,17
1656,Valentina,Valentina,COCONUT_COUPON,SEASHELLS,605.0,4
1657,Vinnie,Vinnie,COCONUT,SEASHELLS,9979.0,5
1658,Valentina,Vinnie,COCONUT_COUPON,SEASHELLS,605.0,19
1665,Valentina,Vinnie,COCONUT_COUPON,SEASHELLS,603.0,12
1666,Vinnie,Vinnie,COCONUT,SEASHELLS,9977.0,7
1668,Ruby,Valentina,COCONUT_COUPON,SEASHELLS,600.0,15
1668,Valentina,Vinnie,COCONUT_COUPON,SEASHELLS,599.0,12
1675,Valentina,Vinnie,COCONUT_COUPON,SEASHELLS,597.0,13
1682,Vinnie,Vinnie,COCONUT,SEASHELLS,9973.0,9
1709,Valentina,Vinnie,COCONUT_COUPON,SEASHELLS,595.0,10
1710,Valentina,Vinnie,COCONUT_COUPON,SEASHELLS,593.0,12
1711,Vinnie,Raj,COCONUT,SEASHELLS,9972.0,9
1715,Valentina,Vinnie,COCONUT_COUPON,SEASHELLS,593.0,15
1725,Vinnie,Vinnie,COCONUT,SEASHELLS,9975.0,9
1727,Valentina,Vinnie,COCONUT_COUPON,SEASHELLS,591.0,19
1729,Ruby,Valentina,COCONUT_COUPON,SEASHELLS,596.0,20
1738,Valentina,Ruby,COCONUT_COUPON,SEASHELLS,596.0,10
1739,Vinnie,Rhianna,COCONUT,SEASHELLS,9978.0,1
1747,Ruby,Valentina,COCONUT_COUPON,SEASHELLS,600.0,11
1748,Valentina,Valentina,COCONUT_COUPON,SEASHELLS,599.0,8
1749,Vladimir,Ruby,COCONUT_COUPON,SEASHELLS,600.0,10
1749,Valentina,Ruby,COCONUT_COUPON,SEASHELLS,600.0,8
1749,Valentina,Vinnie,COCONUT_COUPON,SEASHELLS,600.0,12
1750,Vinnie,Vinnie,COCONUT,SEASHELLS,9978.0,5
1750,Valentina,Vinnie,COCONUT_COUPON,SEASHELLS,598.0,15
1757,Raj,Vinnie,COCONUT,SEASHELLS,9980.0,8
1764,Valentina,Valentina,COCONUT_COUPON,SEASHELLS,596.0,9
1769,Rhianna,Vinnie,COCONUT,SEASHELLS,9975.0,2
1777,Rhianna,Vinnie,COCONUT,SEASHELLS,9975.0,2
1784,Vinnie,Raj,COCONUT,SEASHELLS,9975.0,10
1791,Valentina,Vinnie,COCONUT_COUPON,SEASHELLS,596.0,17
1791,Vladimir,Vinnie,COCONUT_COUPON,SEASHELLS,596.0,3
1794,Rhianna,Vinnie,COCONUT,SEASHELLS,9976.0,3
1798,Vinnie,Raj,COCONUT,SEASHELLS,9974.0,5
1814,Valentina,Vinnie,COCONUT_COUPON,SEASHELLS,599.0,15
1816,Valentina,Vinnie,COCONUT_COUPON,SEASHELLS,596.0,14
1821,Valentina,Vinnie,COCONUT_COUPON,SEASHELLS,597.0,12
1822,Vinnie,Vinnie,COCONUT,SEASHELLS,9971.0,10
1826,Valentina,Vinnie,COCONUT_COUPON,SEASHELLS,599.0,16
1827,Vinnie,Vinnie,COCONUT,SEASHELLS,9970.0,5
1836,Vinnie,Vinnie,COCONUT,SEASHELLS,9975.0,9
1837,Vinnie,Vinnie,COCONUT,SEASHELLS,9976.0,9
1837,Vinnie,Raj,COCONUT,SEASHELLS,9976.0,8
1847,Vinnie,Vinnie,COCONUT,SEASHELLS,9974.0,10
1849,Valentina,Ruby,COCONUT_COUPON,SEASHELLS,604.0,12
1851,Valentina,Vinnie,COCONUT_COUPON,SEASHELLS,603.0,19
1852,Valentina,Vinnie,COCONUT_COUPON,SEASHELLS,605.0,10
1855,Valentina,Valentina,COCONUT_COUPON,SEASHELLS,604.0,6
1855,Vinnie,Vinnie,COCONUT,SEASHELLS,9971.0,7
1856,Valentina,Rhianna,COCONUT_COUPON,SEASHELLS,604.0,14
1883,Vinnie,Rhianna,COCONUT,SEASHELLS,9976.0,2
1884,Valentina,Vinnie,COCONUT_COUPON,SEASHELLS,598.0,12
1888,Vinnie,Vinnie,COCONUT,SEASHELLS,9978.0,5
1895,Valentina,Rhianna,COCONUT_COUPON,SEASHELLS,596.0,13
1898,Vinnie,Vinnie,COCONUT,SEASHELLS,9975.0,6
1903,Ruby,Valentina,COCONUT_COUPON,SEASHELLS,594.0,19
1907,Valentina,Valentina,COCONUT_COUPON,SEASHELLS,595.0,6
1920,Valentina,Valentina,COCONUT_COUPON,SEASHELLS,600.0,4
1932,Valentina,Rhianna,COCONUT_COUPON,SEASHELLS,607.0,13
1933,Valentina,Vinnie,COCONUT_COUPON,SEASHELLS,609.0,18
1940,Valentina,Rhianna,COCONUT_COUPON,SEASHELLS,610.0,12
1941,Valentina,Vinnie,COCONUT_COUPON,SEASHELLS,611.0,11
1951,Vinnie,Vinnie,COCONUT,SEASHELLS,9978.0,9
1970,Rhianna,Vinnie,COCONUT,SEASHELLS,9974.0,2
1976,Vinnie,Vinnie,COCONUT,SEASHELLS,9973.0,6
1986,Vinnie,Vinnie,COCONUT,SEASHELLS,9976.0,5
2007,Valentina,Vinnie,COCONUT_COUPON,SEASHELLS,616.0,15
2015,Valentina,Vinnie,COCONUT_COUPON,SEASHELLS,615.0,10
2040,Vinnie,Vinnie,COCONUT,SEASHELLS,9975.0,5
2051,Vladimir,Ruby,COCONUT_COUPON,SEASHELLS,611.0,2
2051,Valentina,Ruby,COCONUT_COUPON,SEASHELLS,611.0,18
2055,Valentina,Valentina,COCONUT_COUPON,SEASHELLS,610.0,8
2073,Vinnie,Rhianna,COCONUT,SEASHELLS,9970.0,2
2077,Valentina,Vinnie,COCONUT_COUPON,SEASHELLS,599.0,13
2078,Valentina,Ruby,COCONUT_COUPON,SEASHELLS,600.0,14
2078,Valentina,Rhianna,COCONUT_COUPON,SEASHELLS,600.0,6
2083,Ruby,Valentina,COCONUT_COUPON,SEASHELLS,597.0,17
2086,Ruby,Valentina,COCONUT_COUPON,SEASHELLS,598.0,16
2091,Valentina,Rhianna,COCONUT_COUPON,SEASHELLS,593.0,8
2092,Vinnie,Vinnie,COCONUT,SEASHELLS,9965.0,6
2101,Ruby,Valentina,COCONUT_COUPON,SEASHELLS,592.0,20
2106,Valentina,Vinnie,COCONUT_COUPON,SEASHELLS,590.0,13
2112,Vinnie,Raj,COCONUT,SEASHELLS,9967.0,8
2121,Vinnie,Vinnie,COCONUT,SEASHELLS,9966.0,9
2122,Valentina,Ruby,COCONUT_COUPON,SEASHELLS,592.0,10
2123,Vinnie,Vinnie,COCONUT,SEASHELLS,9966.0,5
2128,Valentina,Rhianna,COCONUT_COUPON,SEASHELLS,589.0,15
2141,Valentina,Valentina,COCONUT_COUPON,SEASHELLS,589.0,6
2143,Valentina,Vinnie,COCONUT_COUPON,SEASHELLS,591.0,18
2147,Raj,Vinnie,COCONUT,SEASHELLS,9964.0,10
2148,Valentina,Vinnie,COCONUT_COUPON,SEASHELLS,592.0,16
2149,Valentina,Valentina,COCONUT_COUPON,SEASHELLS,593.0,8
2161,Valentina,Vinnie,COCONUT_COUPON,SEASHELLS,596.0,19
2162,Valentina,Vinnie,COCONUT_COUPON,SEASHELLS,596.0,17
2162,Vladimir,Vinnie,COCONUT_COUPON,SEASHELLS,596.0,2
2169,Vladimir,Vinnie,COCONUT_COUPON,SEASHELLS,600.0,2
2169,Valentina,Vinnie,COCONUT_COUPON,SEASHELLS,600.0,18
2183,Raj,Vinnie,COCONUT,SEASHELLS,9968.0,7
2188,Vinnie,Vinnie,COCONUT,SEASHELLS,9966.0,5
2206,Valentina,Valentina,COCONUT_COUPON,SEASHELLS,608.0,9
2211,Vinnie,Vinnie,COCONUT,SEASHELLS,9960.0,9
2212,Vinnie,Vinnie,COCONUT,SEASHELLS,9960.0,5
2213,Vinnie,Vinnie,COCONUT,SEASHELLS,9961.0,5
2219,Valentina,Ruby,COCONUT_COUPON,SEASHELLS,608.0,11
2226,Vinnie,Vinnie,COCONUT,SEASHELLS,9962.0,9
2233,Valentina,Valentina,COCONUT_COUPON,SEASHELLS,617.0,4
2241,Vladimir,Vinnie,COCONUT_COUPON,SEASHELLS,614.0,5
2241,Valentina,Vinnie,COCONUT_COUPON,SEASHELLS,614.0,15
2244,Valentina,Vinnie,COCONUT_COUPON,SEASHELLS,616.0,20
2251,Valentina,Vinnie,COCONUT_COUPON,SEASHELLS,613.0,12
2267,Vinnie,Vinnie,COCONUT,SEASHELLS,9957.0,5
2268,Valentina,Vinnie,COCONUT_COUPON,SEASHELLS,610.0,11
2280,Valentina,Rhianna,COCONUT_COUPON,SEASHELLS,612.0,8
2289,Valentina,Ruby,COCONUT_COUPON,SEASHELLS,613.0,15
2290,Valentina,Vinnie,COCONUT_COUPON,SEASHELLS,613.0,13
2294,Vinnie,Vinnie,COCONUT,SEASHELLS,9961.0,10
2313,Valentina,Vinnie,COCONUT_COUPON,SEASHELLS,624.0,10
2319,Valentina,Rhianna,COCONUT_COUPON,SEASHELLS,623.0,13
2320,Valentina,Vinnie,COCONUT_COUPON,SEASHELLS,623.0,14
2327,Raj,Vinnie,COCONUT,SEASHELLS,9959.0,7
2329,Rhianna,Vinnie,COCONUT,SEASHELLS,9958.0,2
2341,Valentina,Vinnie,COCONUT_COUPON,SEASHELLS,627.0,16
2346,Valentina,Vinnie,COCONUT_COUPON,SEASHELLS,619.0,10
2346,Vinnie,Vinnie,COCONUT,SEASHELLS,9957.0,8
2347,Valentina,Vinnie,COCONUT_COUPON,SEASHELLS,620.0,12
2350,Ruby,Valentina,COCONUT_COUPON,SEASHELLS,626.0,14
2351,Valentina,Vinnie,COCONUT_COUPON,SEASHELLS,625.0,10
2353,Valentina,Vinnie,COCONUT_COUPON,SEASHELLS,624.0,10
2354,Vinnie,Vinnie,COCONUT,SEASHELLS,9961.0,5
2366,Valentina,Vinnie,COCONUT_COUPON,SEASHELLS,629.0,14
2368,Valentina,Rhianna,COCONUT_COUPON,SEASHELLS,629.0,5
2372,Valentina,Vinnie,COCONUT_COUPON,SEASHELLS,628.0,13
2384,Valentina,Vinnie,COCONUT_COUPON,SEASHELLS,637.0,11
2388,Valentina,Valentina,COCONUT_COUPON,SEASHELLS,637.0,6
2388,Valentina,Vinnie,COCONUT_COUPON,SEASHELLS,636.0,13
2389,Valentina,Rhianna,COCONUT_COUPON,SEASHELLS,637.0,8
2399,Valentina,Vinnie,COCONUT_COUPON,SEASHELLS,638.0,10
2428,Valentina,Rhianna,COCONUT_COUPON,SEASHELLS,641.0,13
2431,Vinnie,Vinnie,COCONUT,SEASHELLS,9957.0,10
2432,Valentina,Vinnie,COCONUT_COUPON,SEASHELLS,638.0,11
2433,Valentina,Vinnie,COCONUT_COUPON,SEASHELLS,635.0,16
2447,Valentina,Ruby,COCONUT_COUPON,SEASHELLS,634.0,18
2467,Valentina,Ruby,COCONUT_COUPON,SEASHELLS,635.0,17
2467,Vladimir,Ruby,COCONUT_COUPON,SEASHELLS,635.0,2
2468,Valentina,Rhianna,COCONUT_COUPON,SEASHELLS,634.0,5
2469,Vinnie,Vinnie,COCONUT,SEASHELLS,9955.0,7
2475,Rhianna,Vinnie,COCONUT,SEASHELLS,9952.0,1
2483,Valentina,Rhianna,COCONUT_COUPON,SEASHELLS,627.0,8
2491,Vinnie,Vinnie,COCONUT,SEASHELLS,9951.0,9
2492,Vinnie,Vinnie,COCONUT,SEASHELLS,9950.0,7
2495,Valentina,Vinnie,COCONUT_COUPON,SEASHELLS,627.0,14
2500,Raj,Vinnie,COCONUT,SEASHELLS,9951.0,10
2503,Vinnie,Raj,COCONUT,SEASHELLS,9951.0,9
2504,Valentina,Vinnie,COCONUT_COUPON,SEASHELLS,624.0,13
2509,Valentina,Vinnie,COCONUT_COUPON,SEASHELLS,626.0,18
2513,Vladimir,Vinnie,COCONUT_COUPON,SEASHELLS,629.0,2
2513,Valentina,Vinnie,COCONUT_COUPON,SEASHELLS,629.0,15
2514,Vinnie,Vinnie,COCONUT,SEASHELLS,9955.0,7
2533,Vinnie,Raj,COCONUT,SEASHELLS,9955.0,5
2542,Ruby,Valentina,COCONUT_COUPON,SEASHELLS,633.0,15
2545,Vinnie,Vinnie,COCONUT,SEASHELLS,9955.0,10
2549,Vinnie,Vinnie,COCONUT,SEASHELLS,9956.0,5
2549,Ruby,Valentina,COCONUT_COUPON,SEASHELLS,631.0,14
2553,Vinnie,Vinnie,COCONUT,SEASHELLS,9956.0,9
2562,Vladimir,Ruby,COCONUT_COUPON,SEASHELLS,629.0,4
2562,Valentina,Ruby,COCONUT_COUPON,SEASHELLS,629.0,16
2568,Vinnie,Raj,COCONUT,SEASHELLS,9958.0,8
2568,Valentina,Vinnie,COCONUT_COUPON,SEASHELLS,631.0,11
2575,Ruby,Valentina,COCONUT_COUPON,SEASHELLS,629.0,15
2576,Valentina,Vinnie,COCONUT_COUPON,SEASHELLS,627.0,16
2577,Vinnie,Vinnie,COCONUT,SEASHELLS,9959.0,8
2587,Rhianna,Vinnie,COCONUT,SEASHELLS,9963.0,3
2588,Valentina,Valentina,COCONUT_COUPON,SEASHELLS,632.0,4
2589,Rhianna,Vinnie,COCONUT,SEASHELLS,9963.0,1
2609,Vinnie,Vinnie,COCONUT,SEASHELLS,9971.0,8
2633,Valentina,Vinnie,COCONUT_COUPON,SEASHELLS,645.0,19
2637,Valentina,Vinnie,COCONUT_COUPON,SEASHELLS,646.0,15
2644,Valentina,Vinnie,COCONUT_COUPON,SEASHELLS,647.0,12
2645,Valentina,Ruby,COCONUT_COUPON,SEASHELLS,647.0,10
2647,Raj,Vinnie,COCONUT,SEASHELLS,9966.0,6
2655,Valentina,Vinnie,COCONUT_COUPON,SEASHELLS,646.0,12
2661,Valentina,Vinnie,COCONUT_COUPON,SEASHELLS,644.0,13
2662,Vinnie,Vinnie,COCONUT,SEASHELLS,9963.0,5
2669,Rhianna,Vinnie,COCONUT,SEASHELLS,9969.0,3
2672,Raj,Vinnie,COCONUT,SEASHELLS,9970.0,10
2682,Ruby,Valentina,COCONUT_COUPON,SEASHELLS,652.0,15
2684,Valentina,Ruby,COCONUT_COUPON,SEASHELLS,653.0,10
2690,Valentina,Vinnie,COCONUT_COUPON,SEASHELLS,652.0,10
2691,Valentina,Ruby,COCONUT_COUPON,SEASHELLS,651.0,10
2695,Valentina,Vinnie,COCONUT_COUPON,SEASHELLS,651.0,15
2695,Vinnie,Rhianna,COCONUT,SEASHELLS,9977.0,2
2700,Vinnie,Vinnie,COCONUT,SEASHELLS,9975.0,6
2702,Vinnie,Vinnie,COCONUT,SEASHELLS,9975.0,6
2705,Vinnie,Vinnie,COCONUT,SEASHELLS,9973.0,8
2710,Vladimir,Ruby,COCONUT_COUPON,SEASHELLS,653.0,14
2716,Valentina,Ruby,COCONUT_COUPON,SEASHELLS,647.0,13
2728,Valentina,Valentina,COCONUT_COUPON,SEASHELLS,644.0,6
2742,Valentina,Vinnie,COCONUT_COUPON,SEASHELLS,651.0,12
2747,Vinnie,Vinnie,COCONUT,SEASHELLS,9981.0,6
2748,Ruby,Valentina,COCONUT_COUPON,SEASHELLS,649.0,17
2750,Vinnie,Rhianna,COCONUT,SEASHELLS,9980.0,1
2750,Valentina,Vinnie,COCONUT_COUPON,SEASHELLS,645.0,16
2760,Valentina,Vinnie,COCONUT_COUPON,SEASHELLS,650.0,13
2769,Ruby,Valentina,COCONUT_COUPON,SEASHELLS,644.0,13
2770,Valentina,Vinnie,COCONUT_COUPON,SEASHELLS,644.0,13
2771,Valentina,Vinnie,COCONUT_COUPON,SEASHELLS,643.0,13
2781,Valentina,Vinnie,COCONUT_COUPON,SEASHELLS,640.0,18
2785,Ruby,Valentina,COCONUT_COUPON,SEASHELLS,642.0,15
2797,Ruby,Valentina,COCONUT_COUPON,SEASHELLS,645.0,20
2805,Vinnie,Vinnie,COCONUT,SEASHELLS,9991.0,6
2825,Valentina,Valentina,COCONUT_COUPON,SEASHELLS,647.0,6
2830,Vinnie,Rhianna,COCONUT,SEASHELLS,9989.0,3
2848,Valentina,Rhianna,COCONUT_COUPON,SEASHELLS,648.0,11
2850,Vinnie,Vinnie,COCONUT,SEASHELLS,9991.0,8
2857,Valentina,Ruby,COCONUT_COUPON,SEASHELLS,650.0,14
2859,Valentina,Rhianna,COCONUT_COUPON,SEASHELLS,648.0,10
2860,Valentina,Vinnie,COCONUT_COUPON,SEASHELLS,648.0,14
2866,Valentina,Ruby,COCONUT_COUPON,SEASHELLS,651.0,13
2877,Vinnie,Vinnie,COCONUT,SEASHELLS,10001.0,10
2877,Valentina,Ruby,COCONUT_COUPON,SEASHELLS,652.0,17
2880,Valentina,Valentina,COCONUT_COUPON,SEASHELLS,654.0,4
2897,Vinnie,Vinnie,COCONUT,SEASHELLS,10009.0,6
2914,Valentina,Vinnie,COCONUT_COUPON,SEASHELLS,657.0,10
2916,Valentina,Vinnie,COCONUT_COUPON,SEASHELLS,654.0,20
2924,Valentina,Rhianna,COCONUT_COUPON,SEASHELLS,657.0,7
2937,Valentina,Vinnie,COCONUT_COUPON,SEASHELLS,660.0,15
2941,Valentina,Rhianna,COCONUT_COUPON,SEASHELLS,664.0,6
2956,Valentina,Valentina,COCONUT_COUPON,SEASHELLS,663.0,9
2968,Valentina,Valentina,COCONUT_COUPON,SEASHELLS,669.0,7
2969,Valentina,Rhianna,COCONUT_COUPON,SEASHELLS,670.0,11
2972,Ruby,Vinnie,COCONUT_COUPON,SEASHELLS,670.0,2
2981,Valentina,Vinnie,COCONUT_COUPON,SEASHELLS,669.0,20
2987,Vinnie,Vinnie,COCONUT,SEASHELLS,10027.0,9
2989,Valentina,Vinnie,COCONUT_COUPON,SEASHELLS,670.0,15
2990,Rhianna,Vladimir,COCONUT_COUPON,SEASHELLS,668.0,5
2990,Valentina,Valentina,COCONUT_COUPON,SEASHELLS,667.0,9
2999,Valentina,Valentina,COCONUT_COUPON,SEASHELLS,669.0,6
3008,Raj,Vinnie,COCONUT,SEASHELLS,10028.0,9
3021,Vinnie,Vinnie,COCONUT,SEASHELLS,10028.0,5
3026,Raj,Vinnie,COCONUT,SEASHELLS,10033.0,6
3027,Vinnie,Vinnie,COCONUT,SEASHELLS,10033.0,7
3027,Ruby,Valentina,COCONUT_COUPON,SEASHELLS,671.0,11
3028,Valentina,Ruby,COCONUT_COUPON,SEASHELLS,670.0,12
3029,Vinnie,Vinnie,COCONUT,SEASHELLS,10033.0,10
3036,Valentina,Vinnie,COCONUT_COUPON,SEASHELLS,671.0,18
3045,Raj,Vinnie,COCONUT,SEASHELLS,10029.0,7
3046,Valentina,Vinnie,COCONUT_COUPON,SEASHELLS,672.0,14
3055,Valentina,Vinnie,COCONUT_COUPON,SEASHELLS,672.0,11
3060,Valentina,Vinnie,COCONUT_COUPON,SEASHELLS,674.0,10
3082,Valentina,Vinnie,COCONUT_COUPON,SEASHELLS,662.0,19
3086,Valentina,Ruby,COCONUT_COUPON,SEASHELLS,664.0,14
3092,Vinnie,Vinnie,COCONUT,SEASHELLS,10027.0,10
3093,Raj,Vinnie,COCONUT,SEASHELLS,10029.0,7
3095,Vinnie,Vinnie,COCONUT,SEASHELLS,10027.0,8
3106,Valentina,Vinnie,COCONUT_COUPON,SEASHELLS,661.0,13
3110,Vinnie,Rhianna,COCONUT,SEASHELLS,10024.0,1
3110,Vinnie,Vinnie,COCONUT,SEASHELLS,10024.0,6
3111,Vinnie,Raj,COCONUT,SEASHELLS,10023.0,8
3113,Valentina,Vinnie,COCONUT_COUPON,SEASHELLS,658.0,12
3130,Raj,Vinnie,COCONUT,SEASHELLS,10024.0,7
3141,Vinnie,Vinnie,COCONUT,SEASHELLS,10022.0,8
3142,Valentina,Vinnie,COCONUT_COUPON,SEASHELLS,659.0,11
3150,Valentina,Vinnie,COCONUT_COUPON,SEASHELLS,660.0,5
3159,Vinnie,Vinnie,COCONUT,SEASHELLS,10020.0,6
3169,Vinnie,Vinnie,COCONUT,SEASHELLS,10023.0,6
3190,Valentina,Vinnie,COCONUT_COUPON,SEASHELLS,664.0,10
3193,Vinnie,Raj,COCONUT,SEASHELLS,10018.0,8
3194,Ruby,Vladimir,COCONUT_COUPON,SEASHELLS,666.0,3
3194,Ruby,Valentina,COCONUT_COUPON,SEASHELLS,666.0,15
3194,Valentina,Vinnie,COCONUT_COUPON,SEASHELLS,665.0,15
3202,Vinnie,Rhianna,COCONUT,SEASHELLS,10024.0,2
3221,Raj,Vinnie,COCONUT,SEASHELLS,10027.0,6
3226,Vinnie,Vinnie,COCONUT,SEASHELLS,10029.0,6
3227,Valentina,Rhianna,COCONUT_COUPON,SEASHELLS,665.0,11
3232,Rhianna,Vinnie,COCONUT,SEASHELLS,10032.0,1
3233,Vinnie,Vinnie,COCONUT,SEASHELLS,10029.0,8
3240,Vinnie,Vinnie,COCONUT,SEASHELLS,10026.0,6
3251,Vinnie,Vinnie,COCONUT,SEASHELLS,10024.0,9
3258,Valentina,Vinnie,COCONUT_COUPON,SEASHELLS,663.0,18
3259,Valentina,Vinnie,COCONUT_COUPON,SEASHELLS,662.0,15
3267,Vinnie,Vinnie,COCONUT,SEASHELLS,10027.0,7
3293,Vinnie,Raj,COCONUT,SEASHELLS,10038.0,6
3293,Vinnie,Rhianna,COCONUT,SEASHELLS,10038.0,2
3295,Vinnie,Rhianna,COCONUT,SEASHELLS,10038.0,2
3296,Valentina,Vinnie,COCONUT_COUPON,SEASHELLS,671.0,14
3302,Raj,Vinnie,COCONUT,SEASHELLS,10044.0,8
3309,Vinnie,Vinnie,COCONUT,SEASHELLS,10045.0,10
3315,Valentina,Vinnie,COCONUT_COUPON,SEASHELLS,679.0,18
3316,Valentina,Vinnie,COCONUT_COUPON,SEASHELLS,679.0,14
3321,Rhianna,Vinnie,COCONUT,SEASHELLS,10052.0,1
3327,Valentina,Vinnie,COCONUT_COUPON,SEASHELLS,678.0,13
3327,Valentina,Valentina,COCONUT_COUPON,SEASHELLS,678.0,6
3328,Vinnie,Rhianna,COCONUT,SEASHELLS,10050.0,1
3329,Valentina,Valentina,COCONUT_COUPON,SEASHELLS,680.0,4
3333,Ruby,Valentina,COCONUT_COUPON,SEASHELLS,683.0,15
3352,Ruby,Valentina,COCONUT_COUPON,SEASHELLS,677.0,13
3353,Valentina,Vinnie,COCONUT_COUPON,SEASHELLS,677.0,16
3355,Vinnie,Vinnie,COCONUT,SEASHELLS,10040.0,5
3357,Valentina,Vinnie,COCONUT_COUPON,SEASHELLS,675.0,14
3360,Vinnie,Rhianna,COCONUT,SEASHELLS,10040.0,3
3362,Vinnie,Vinnie,COCONUT,SEASHELLS,10039.0,7
3363,Valentina,Ruby,COCONUT_COUPON,SEASHELLS,674.0,15
3376,Valentina,Vinnie,COCONUT_COUPON,SEASHELLS,666.0,16
3382,Vinnie,Vinnie,COCONUT,SEASHELLS,10038.0,8
3404,Rhianna,Vinnie,COCONUT,SEASHELLS,10041.0,1
3405,Valentina,Vinnie,COCONUT_COUPON,SEASHELLS,666.0,19
3408,Valentina,Vinnie,COCONUT_COUPON,SEASHELLS,666.0,18
3410,Vinnie,Vinnie,COCONUT,SEASHELLS,10041.0,6
3411,Valentina,Ruby,COCONUT_COUPON,SEASHELLS,664.0,18
3411,Vladimir,Ruby,COCONUT_COUPON,SEASHELLS,664.0,2
3418,Rhianna,Vinnie,COCONUT_COUPON,SEASHELLS,663.0,1
3419,Vinnie,Vinnie,COCONUT,SEASHELLS,10043.0,6
3422,Valentina,Vinnie,COCONUT_COUPON,SEASHELLS,662.0,15
3434,Vinnie,Vinnie,COCONUT,SEASHELLS,10042.0,5
3439,Ruby,Valentina,COCONUT_COUPON,SEASHELLS,659.0,12
3442,Vinnie,Vinnie,COCONUT,SEASHELLS,10037.0,6
3447,Valentina,Rhianna,COCONUT_COUPON,SEASHELLS,657.0,9
3456,Valentina,Rhianna,COCONUT_COUPON,SEASHELLS,654.0,14
3463,Valentina,Vinnie,COCONUT_COUPON,SEASHELLS,659.0,15
3467,Valentina,Rhianna,COCONUT_COUPON,SEASHELLS,660.0,6
3467,Raj,Vinnie,COCONUT,SEASHELLS,10043.0,9
3473,Rhianna,Vinnie,COCONUT,SEASHELLS,10041.0,2
3491,Valentina,Vinnie,COCONUT_COUPON,SEASHELLS,653.0,19
3507,Raj,Vinnie,COCONUT,SEASHELLS,10039.0,10
3508,Valentina,Valentina,COCONUT_COUPON,SEASHELLS,653.0,6
3516,Ruby,Vladimir,COCONUT_COUPON,SEASHELLS,661.0,2
3516,Ruby,Valentina,COCONUT_COUPON,SEASHELLS,661.0,17
3521,Valentina,Vinnie,COCONUT_COUPON,SEASHELLS,664.0,12
3522,Vinnie,Rhianna,COCONUT,SEASHELLS,10043.0,1
3522,Valentina,Vinnie,COCONUT_COUPON,SEASHELLS,664.0,16
3522,Vinnie,Vinnie,COCONUT,SEASHELLS,10043.0,7
3528,Valentina,Vinnie,COCONUT_COUPON,SEASHELLS,667.0,16
3528,Valentina,Ruby,COCONUT_COUPON,SEASHELLS,667.0,10
3528,Vladimir,Ruby,COCONUT_COUPON,SEASHELLS,667.0,9
3541,Valentina,Vinnie,COCONUT_COUPON,SEASHELLS,664.0,11
3542,Vinnie,Vinnie,COCONUT,SEASHELLS,10043.0,9
3548,Valentina,Rhianna,COCONUT_COUPON,SEASHELLS,664.0,15
3554,Valentina,Ruby,COCONUT_COUPON,SEASHELLS,659.0,13
3563,Valentina,Ruby,COCONUT_COUPON,SEASHELLS,667.0,12
3573,Valentina,Vinnie,COCONUT_COUPON,SEASHELLS,664.0,11
3574,Vinnie,Vinnie,COCONUT,SEASHELLS,10041.0,6
3575,Valentina,Vinnie,COCONUT_COUPON,SEASHELLS,666.0,14
3578,Raj,Vinnie,COCONUT,SEASHELLS,10041.0,8
3579,Valentina,Rhianna,COCONUT_COUPON,SEASHELLS,671.0,11
3587,Vinnie,Vinnie,COCONUT,SEASHELLS,10040.0,10
3594,Valentina,Ruby,COCONUT_COUPON,SEASHELLS,676.0,11
3597,Vinnie,Raj,COCONUT,SEASHELLS,10041.0,10
3597,Valentina,Vinnie,COCONUT_COUPON,SEASHELLS,676.0,10
3599,Vinnie,Vinnie,COCONUT,SEASHELLS,10039.0,9
3600,Vinnie,Vinnie,COCONUT,SEASHELLS,10038.0,9
3602,Valentina,Vinnie,COCONUT_COUPON,SEASHELLS,671.0,17
3608,Vinnie,Rhianna,COCONUT,SEASHELLS,10039.0,2
3623,Vinnie,Rhianna,COCONUT,SEASHELLS,10044.0,3
3627,Vladimir,Vinnie,COCONUT_COUPON,SEASHELLS,676.0,4
3627,Valentina,Vinnie,COCONUT_COUPON,SEASHELLS,676.0,15
3638,Valentina,Valentina,COCONUT_COUPON,SEASHELLS,678.0,9
3640,Valentina,Vinnie,COCONUT_COUPON,SEASHELLS,682.0,20
3641,Valentina,Vinnie,COCONUT_COUPON,SEASHELLS,683.0,20
3652,Valentina,Ruby,COCONUT_COUPON,SEASHELLS,681.0,15
3654,Ruby,Valentina,COCONUT_COUPON,SEASHELLS,680.0,15
3654,Vinnie,Vinnie,COCONUT,SEASHELLS,10049.0,10
3664,Vinnie,Vinnie,COCONUT,SEASHELLS,10050.0,8
3671,Vinnie,Vinnie,COCONUT,SEASHELLS,10054.0,10
3673,Valentina,Vinnie,COCONUT_COUPON,SEASHELLS,681.0,15
3673,Vladimir,Vinnie,COCONUT_COUPON,SEASHELLS,681.0,3
3674,Vinnie,Raj,COCONUT,SEASHELLS,10053.0,9
3676,Vinnie,Raj,COCONUT,SEASHELLS,10055.0,10
3701,Valentina,Rhianna,COCONUT_COUPON,SEASHELLS,674.0,9
3711,Rhianna,Vinnie,COCONUT,SEASHELLS,10056.0,1
3718,Vladimir,Vinnie,COCONUT_COUPON,SEASHELLS,682.0,1
3718,Valentina,Vinnie,COCONUT_COUPON,SEASHELLS,682.0,17
3720,Valentina,Vinnie,COCONUT_COUPON,SEASHELLS,681.0,13
3722,Raj,Vinnie,COCONUT,SEASHELLS,10059.0,7
3737,Valentina,Valentina,COCONUT_COUPON,SEASHELLS,674.0,8
3738,Valentina,Vinnie,COCONUT_COUPON,SEASHELLS,673.0,14
3750,Rhianna,Vinnie,COCONUT,SEASHELLS,10060.0,3
3752,Raj,Vinnie,COCONUT,SEASHELLS,10058.0,8
3774,Vladimir,Vinnie,COCONUT_COUPON,SEASHELLS,671.0,13
3780,Vinnie,Vinnie,COCONUT,SEASHELLS,10059.0,5
3782,Raj,Vinnie,COCONUT,SEASHELLS,10060.0,7
3786,Vinnie,Vinnie,COCONUT,SEASHELLS,10059.0,9
3789,Vladimir,Vinnie,COCONUT_COUPON,SEASHELLS,670.0,14
3795,Ruby,Valentina,COCONUT_COUPON,SEASHELLS,668.0,13
3796,Vinnie,Vinnie,COCONUT,SEASHELLS,10056.0,9
3805,Valentina,Ruby,COCONUT_COUPON,SEASHELLS,667.0,13
3810,Ruby,Valentina,COCONUT_COUPON,SEASHELLS,671.0,18
3821,Valentina,Vinnie,COCONUT_COUPON,SEASHELLS,672.0,12
3830,Valentina,Vinnie,COCONUT_COUPON,SEASHELLS,671.0,17
3850,Valentina,Vinnie,COCONUT_COUPON,SEASHELLS,671.0,14
3851,Valentina,Vinnie,COCONUT_COUPON,SEASHELLS,672.0,19
3861,Vinnie,Vinnie,COCONUT,SEASHELLS,10063.0,9
3871,Raj,Vinnie,COCONUT,SEASHELLS,10068.0,7
3887,Vinnie,Vinnie,COCONUT,SEASHELLS,10061.0,9
3892,Vinnie,Vinnie,COCONUT,SEASHELLS,10062.0,8
3899,Valentina,Vinnie,COCONUT_COUPON,SEASHELLS,680.0,13
3900,Vinnie,Vinnie,COCONUT,SEASHELLS,10061.0,9
3909,Vinnie,Vinnie,COCONUT,SEASHELLS,10062.0,7
3916,Valentina,Vinnie,COCONUT_COUPON,SEASHELLS,681.0,10
3916,Valentina,Ruby,COCONUT_COUPON,SEASHELLS,681.0,15
3920,Valentina,Vinnie,COCONUT_COUPON,SEASHELLS,680.0,13
3923,Valentina,Vinnie,COCONUT_COUPON,SEASHELLS,679.0,19
3931,Valentina,Vinnie,COCONUT_COUPON,SEASHELLS,677.0,15
3940,Valentina,Vinnie,COCONUT_COUPON,SEASHELLS,684.0,13
3945,Vinnie,Vinnie,COCONUT,SEASHELLS,10062.0,10
3952,Vinnie,Vinnie,COCONUT,SEASHELLS,10061.0,6
3954,Vinnie,Rhianna,COCONUT,SEASHELLS,10059.0,3
3956,Vinnie,Vinnie,COCONUT,SEASHELLS,10060.0,8
3956,Valentina,Valentina,COCONUT_COUPON,SEASHELLS,682.0,8
3960,Vinnie,Vinnie,COCONUT,SEASHELLS,10063.0,9
3961,Valentina,Vinnie,COCONUT_COUPON,SEASHELLS,686.0,20
3968,Valentina,Vinnie,COCONUT_COUPON,SEASHELLS,683.0,17
3971,Ruby,Valentina,COCONUT_COUPON,SEASHELLS,682.0,10
3984,Valentina,Valentina,COCONUT_COUPON,SEASHELLS,683.0,5
3984,Valentina,Vinnie,COCONUT_COUPON,SEASHELLS,683.0,10
3988,Valentina,Rhianna,COCONUT_COUPON,SEASHELLS,680.0,14
3991,Valentina,Vinnie,COCONUT_COUPON,SEASHELLS,686.0,10
4014,Vinnie,Rhianna,COCONUT,SEASHELLS,10047.0,2
4019,Ruby,Valentina,COCONUT_COUPON,SEASHELLS,669.0,19
4019,Vinnie,Vinnie,COCONUT,SEASHELLS,10043.0,9
4021,Valentina,Vinnie,COCONUT_COUPON,SEASHELLS,669.0,10
4028,Raj,Vinnie,COCONUT,SEASHELLS,10043.0,6
4041,Valentina,Vinnie,COCONUT_COUPON,SEASHELLS,670.0,19
4042,Valentina,Valentina,COCONUT_COUPON,SEASHELLS,670.0,5
4043,Vinnie,Rhianna,COCONUT,SEASHELLS,10036.0,1
4056,Valentina,Vinnie,COCONUT_COUPON,SEASHELLS,665.0,19
4059,Rhianna,Vinnie,COCONUT,SEASHELLS,10029.0,1
4062,Rhianna,Vinnie,COCONUT_COUPON,SEASHELLS,664.0,14
4062,Vladimir,Vinnie,COCONUT_COUPON,SEASHELLS,664.0,2
4063,Vinnie,Vinnie,COCONUT,SEASHELLS,10030.0,9
4080,Valentina,Vinnie,COCONUT_COUPON,SEASHELLS,664.0,20
4082,Raj,Vinnie,COCONUT,SEASHELLS,10028.0,10
4083,Vinnie,Vinnie,COCONUT,SEASHELLS,10026.0,5
4088,Valentina,Vinnie,COCONUT_COUPON,SEASHELLS,665.0,12
4091,Valentina,Ruby,COCONUT_COUPON,SEASHELLS,668.0,11
4096,Ruby,Valentina,COCONUT_COUPON,SEASHELLS,668.0,14
4096,Valentina,Vinnie,COCONUT_COUPON,SEASHELLS,667.0,18
4097,Vinnie,Vinnie,COCONUT,SEASHELLS,10021.0,10
4099,Vinnie,Vinnie,COCONUT,SEASHELLS,10020.0,6
4100,Vinnie,Vinnie,COCONUT,SEASHELLS,10021.0,6
4108,Vinnie,Vinnie,COCONUT,SEASHELLS,10023.0,7
4115,Valentina,Vinnie,COCONUT_COUPON,SEASHELLS,673.0,16
4124,Valentina,Ruby,COCONUT_COUPON,SEASHELLS,670.0,16
4124,Vladimir,Ruby,COCONUT_COUPON,SEASHELLS,670.0,1
4127,Valentina,Valentina,COCONUT_COUPON,SEASHELLS,667.0,7
4134,Valentina,Vinnie,COCONUT_COUPON,SEASHELLS,669.0,18
4134,Vladimir,Vinnie,COCONUT_COUPON,SEASHELLS,669.0,2
4144,Valentina,Vinnie,COCONUT_COUPON,SEASHELLS,671.0,14
4146,Valentina,Rhianna,COCONUT_COUPON,SEASHELLS,670.0,10
4149,Valentina,Rhianna,COCONUT_COUPON,SEASHELLS,669.0,5
4151,Valentina,Ruby,COCONUT_COUPON,SEASHELLS,669.0,19
4155,Vinnie,Vinnie,COCONUT,SEASHELLS,10029.0,10
4165,Rhianna,Vinnie,COCONUT,SEASHELLS,10026.0,1
4166,Vinnie,Vinnie,COCONUT,SEASHELLS,10025.0,7
4168,Valentina,Ruby,COCONUT_COUPON,SEASHELLS,665.0,13
4172,Vinnie,Vinnie,COCONUT,SEASHELLS,10018.0,6
4190,Valentina,Vinnie,COCONUT_COUPON,SEASHELLS,670.0,16
4190,Vladimir,Vinnie,COCONUT_COUPON,SEASHELLS,670.0,2
4225,Valentina,Valentina,COCONUT_COUPON,SEASHELLS,676.0,4
4231,Vinnie,Vinnie,COCONUT,SEASHELLS,10028.0,7
4232,Raj,Vinnie,COCONUT,SEASHELLS,10030.0,9
4233,Valentina,Vinnie,COCONUT_COUPON,SEASHELLS,676.0,13
4234,Valentina,Vinnie,COCONUT_COUPON,SEASHELLS,675.0,12
4237,Rhianna,Vinnie,COCONUT,SEASHELLS,10028.0,1
4242,Rhianna,Vinnie,COCONUT,SEASHELLS,10028.0,2
4242,Valentina,Rhianna,COCONUT_COUPON,SEASHELLS,676.0,11
4255,Valentina,Vinnie,COCONUT_COUPON,SEASHELLS,675.0,10
4256,Vinnie,Vinnie,COCONUT,SEASHELLS,10024.0,5
4264,Valentina,Rhianna,COCONUT_COUPON,SEASHELLS,680.0,13
4267,Vinnie,Vinnie,COCONUT,SEASHELLS,10030.0,8
4272,Valentina,Vinnie,COCONUT_COUPON,SEASHELLS,677.0,18
4276,Ruby,Valentina,COCONUT_COUPON,SEASHELLS,680.0,10
4281,Raj,Vinnie,COCONUT,SEASHELLS,10034.0,6
4286,Valentina,Vinnie,COCONUT_COUPON,SEASHELLS,677.0,15
4303,Vinnie,Vinnie,COCONUT,SEASHELLS,10041.0,9
4317,Valentina,Rhianna,COCONUT_COUPON,SEASHELLS,686.0,15
4319,Vinnie,Vinnie,COCONUT,SEASHELLS,10045.0,8
4332,Valentina,Vinnie,COCONUT_COUPON,SEASHELLS,679.0,11
4334,Vinnie,Raj,COCONUT,SEASHELLS,10042.0,10
4335,Ruby,Valentina,COCONUT_COUPON,SEASHELLS,682.0,19
4339,Raj,Vinnie,COCONUT,SEASHELLS,10044.0,5
4342,Vinnie,Raj,COCONUT,SEASHELLS,10044.0,8
4343,Vinnie,Vinnie,COCONUT,SEASHELLS,10045.0,10
4347,Ruby,Valentina,COCONUT_COUPON,SEASHELLS,683.0,16
4368,Rhianna,Vinnie,COCONUT,SEASHELLS,10048.0,1
4371,Valentina,Vinnie,COCONUT_COUPON,SEASHELLS,691.0,16
4384,Vladimir,Ruby,COCONUT_COUPON,SEASHELLS,690.0,1
4384,Valentina,Ruby,COCONUT_COUPON,SEASHELLS,690.0,16
4385,Valentina,Vinnie,COCONUT_COUPON,SEASHELLS,689.0,19
4386,Vinnie,Vinnie,COCONUT,SEASHELLS,10055.0,7
4399,Valentina,Vinnie,COCONUT_COUPON,SEASHELLS,693.0,17
4402,Vinnie,Vinnie,COCONUT,SEASHELLS,10058.0,9
4410,Vladimir,Vinnie,COCONUT_COUPON,SEASHELLS,689.0,10
4415,Valentina,Valentina,COCONUT_COUPON,SEASHELLS,686.0,7
4421,Valentina,Vinnie,COCONUT_COUPON,SEASHELLS,681.0,11
4423,Vinnie,Vinnie,COCONUT,SEASHELLS,10055.0,10
4439,Vinnie,Vinnie,COCONUT,SEASHELLS,10056.0,7
4440,Valentina,Vinnie,COCONUT_COUPON,SEASHELLS,682.0,17
4444,Vinnie,Vinnie,COCONUT,SEASHELLS,10054.0,8
4444,Valentina,Rhianna,COCONUT_COUPON,SEASHELLS,682.0,10
4447,Valentina,Valentina,COCONUT_COUPON,SEASHELLS,684.0,4
4447,Vinnie,Vinnie,COCONUT,SEASHELLS,10054.0,5
4454,Valentina,Vinnie,COCONUT_COUPON,SEASHELLS,680.0,18
4458,Valentina,Ruby,COCONUT_COUPON,SEASHELLS,680.0,19
4476,Rhianna,Vinnie,COCONUT,SEASHELLS,10052.0,1
4484,Valentina,Rhianna,COCONUT_COUPON,SEASHELLS,676.0,6
4495,Valentina,Ruby,COCONUT_COUPON,SEASHELLS,676.0,19
4500,Valentina,Vinnie,COCONUT_COUPON,SEASHELLS,672.0,19
4504,Valentina,Ruby,COCONUT_COUPON,SEASHELLS,672.0,11
4506,Valentina,Vinnie,COCONUT_COUPON,SEASHELLS,673.0,10
4514,Valentina,Ruby,COCONUT_COUPON,SEASHELLS,678.0,13
4515,Valentina,Rhianna,COCONUT_COUPON,SEASHELLS,677.0,6
4521,Valentina,Vinnie,COCONUT_COUPON,SEASHELLS,675.0,11
4522,Valentina,Vinnie,COCONUT_COUPON,SEASHELLS,677.0,20
4522,Ruby,Valentina,COCONUT_COUPON,SEASHELLS,678.0,20
4523,Valentina,Vinnie,COCONUT_COUPON,SEASHELLS,676.0,15
4523,Vinnie,Vinnie,COCONUT,SEASHELLS,10056.0,6
4533,Ruby,Valentina,COCONUT_COUPON,SEASHELLS,680.0,19
4542,Vinnie,Vinnie,COCONUT,SEASHELLS,10065.0,9
4543,Valentina,Valentina,COCONUT_COUPON,SEASHELLS,683.0,4
4543,Valentina,Ruby,COCONUT_COUPON,SEASHELLS,683.0,11
4550,Vinnie,Rhianna,COCONUT,SEASHELLS,10064.0,3
4552,Valentina,Valentina,COCONUT_COUPON,SEASHELLS,681.0,7
4565,Vinnie,Raj,COCONUT,SEASHELLS,10061.0,10
4574,Vinnie,Vinnie,COCONUT,SEASHELLS,10061.0,5
4577,Valentina,Vinnie,COCONUT_COUPON,SEASHELLS,683.0,18
4584,Valentina,Valentina,COCONUT_COUPON,SEASHELLS,687.0,5
4590,Vinnie,Vinnie,COCONUT,SEASHELLS,10063.0,9
4605,Valentina,Vinnie,COCONUT_COUPON,SEASHELLS,683.0,18
4613,Vladimir,Vinnie,COCONUT_COUPON,SEASHELLS,691.0,2
4613,Valentina,Vinnie,COCONUT_COUPON,SEASHELLS,691.0,16
4618,Vinnie,Rhianna,COCONUT,SEASHELLS,10059.0,1
4622,Valentina,Vinnie,COCONUT_COUPON,SEASHELLS,683.0,13
4622,Vinnie,Rhianna,COCONUT,SEASHELLS,10058.0,3
4622,Ruby,Valentina,COCONUT_COUPON,SEASHELLS,684.0,17
4635,Valentina,Vinnie,COCONUT_COUPON,SEASHELLS,682.0,10
4635,Vinnie,Vinnie,COCONUT,SEASHELLS,10056.0,8
4637,Ruby,Valentina,COCONUT_COUPON,SEASHELLS,683.0,19
4641,Vinnie,Vinnie,COCONUT,SEASHELLS,10057.0,7
4644,Vinnie,Vinnie,COCONUT,SEASHELLS,10057.0,6
4652,Valentina,Vinnie,COCONUT_COUPON,SEASHELLS,684.0,15
4653,Ruby,Valentina,COCONUT_COUPON,SEASHELLS,686.0,17
4659,Ruby,Valentina,COCONUT_COUPON,SEASHELLS,685.0,16
4661,Raj,Vinnie,COCONUT,SEASHELLS,10057.0,10
4664,Valentina,Vinnie,COCONUT_COUPON,SEASHELLS,679.0,12
4665,Ruby,Valentina,COCONUT_COUPON,SEASHELLS,681.0,14
4673,Valentina,Rhianna,COCONUT_COUPON,SEASHELLS,677.0,8
4674,Valentina,Vinnie,COCONUT_COUPON,SEASHELLS,676.0,14
4676,Valentina,Rhianna,COCONUT_COUPON,SEASHELLS,677.0,7
4680,Vinnie,Rhianna,COCONUT,SEASHELLS,10055.0,1
4683,Valentina,Vinnie,COCONUT_COUPON,SEASHELLS,673.0,17
4688,Rhianna,Vinnie,COCONUT,SEASHELLS,10055.0,1
4689,Vinnie,Vinnie,COCONUT,SEASHELLS,10052.0,5
4709,Ruby,Valentina,COCONUT_COUPON,SEASHELLS,664.0,17
4714,Vinnie,Vinnie,COCONUT,SEASHELLS,10051.0,9
4719,Valentina,Vinnie,COCONUT_COUPON,SEASHELLS,668.0,15
4722,Valentina,Valentina,COCONUT_COUPON,SEASHELLS,669.0,4
4725,Valentina,Vinnie,COCONUT_COUPON,SEASHELLS,666.0,15
4725,Vladimir,Vinnie,COCONUT_COUPON,SEASHELLS,666.0,1
4743,Valentina,Rhianna,COCONUT_COUPON,SEASHELLS,667.0,13
4762,Vinnie,Vinnie,COCONUT,SEASHELLS,10048.0,7
4766,Valentina,Vinnie,COCONUT_COUPON,SEASHELLS,658.0,13
4766,Ruby,Valentina,COCONUT_COUPON,SEASHELLS,659.0,17
4777,Vinnie,Vinnie,COCONUT,SEASHELLS,10038.0,7
4781,Vinnie,Vinnie,COCONUT,SEASHELLS,10036.0,8
4785,Vinnie,Vinnie,COCONUT,SEASHELLS,10035.0,8
4788,Ruby,Valentina,COCONUT_COUPON,SEASHELLS,657.0,18
4788,Ruby,Vladimir,COCONUT_COUPON,SEASHELLS,657.0,2
4789,Valentina,Vinnie,COCONUT_COUPON,SEASHELLS,657.0,16
4792,Vinnie,Vinnie,COCONUT,SEASHELLS,10036.0,5
4804,Valentina,Vinnie,COCONUT_COUPON,SEASHELLS,665.0,16
4806,Vinnie,Vinnie,COCONUT,SEASHELLS,10040.0,5
4810,Valentina,Vinnie,COCONUT_COUPON,SEASHELLS,662.0,10
4811,Vinnie,Valentina,COCONUT_COUPON,SEASHELLS,662.0,9
4815,Vinnie,Raj,COCONUT,SEASHELLS,10034.0,9
4822,Vinnie,Vinnie,COCONUT,SEASHELLS,10033.0,10
4829,Valentina,Vinnie,COCONUT_COUPON,SEASHELLS,662.0,17
4835,Vinnie,Raj,COCONUT,SEASHELLS,10029.0,5
4835,Valentina,Vinnie,COCONUT_COUPON,SEASHELLS,662.0,13
4842,Valentina,Vinnie,COCONUT_COUPON,SEASHELLS,663.0,14
4855,Valentina,Ruby,COCONUT_COUPON,SEASHELLS,664.0,13
4856,Valentina,Ruby,COCONUT_COUPON,SEASHELLS,663.0,12
4858,Ruby,Valentina,COCONUT_COUPON,SEASHELLS,663.0,12
4868,Vinnie,Raj,COCONUT,SEASHELLS,10031.0,7
4869,Vinnie,Vinnie,COCONUT,SEASHELLS,10031.0,5
4880,Rhianna,Vinnie,COCONUT,SEASHELLS,10031.0,2
4898,Valentina,Ruby,COCONUT_COUPON,SEASHELLS,665.0,18
4902,Vinnie,Vinnie,COCONUT,SEASHELLS,10033.0,10
4938,Vinnie,Vinnie,COCONUT,SEASHELLS,10041.0,7
4946,Valentina,Vinnie,COCONUT_COUPON,SEASHELLS,657.0,10
4985,Valentina,Vinnie,COCONUT_COUPON,SEASHELLS,669.0,14
4988,Vinnie,Vinnie,COCONUT,SEASHELLS,10037.0,7
4993,Vinnie,Rhianna,COCONUT,SEASHELLS,10039.0,2
4999,Valentina,Vinnie,COCONUT_COUPON,SEASHELLS,670.0,19
5004,Vinnie,Rhianna,COCONUT,SEASHELLS,10041.0,1
5011,Vinnie,Rhianna,COCONUT,SEASHELLS,10042.0,1
5014,Vinnie,Vinnie,COCONUT,SEASHELLS,10043.0,5
5026,Vinnie,Vinnie,COCONUT,SEASHELLS,10042.0,8
5039,Ruby,Valentina,COCONUT_COUPON,SEASHELLS,675.0,20
5040,Valentina,Valentina,COCONUT_COUPON,SEASHELLS,674.0,7
5058,Valentina,Ruby,COCONUT_COUPON,SEASHELLS,672.0,10
5060,Vinnie,Rhianna,COCONUT,SEASHELLS,10039.0,3
5067,Vinnie,Vinnie,COCONUT,SEASHELLS,10035.0,6
5071,Vinnie,Vinnie,COCONUT,SEASHELLS,10033.0,7
5079,Valentina,Vinnie,COCONUT_COUPON,SEASHELLS,666.0,11
5080,Vinnie,Rhianna,COCONUT,SEASHELLS,10036.0,1
5088,Valentina,Vinnie,COCONUT_COUPON,SEASHELLS,667.0,18
5093,Raj,Vinnie,COCONUT,SEASHELLS,10037.0,9
5104,Rhianna,Vinnie,COCONUT,SEASHELLS,10032.0,3
5108,Valentina,Vinnie,COCONUT_COUPON,SEASHELLS,661.0,15
5125,Raj,Vinnie,COCONUT,SEASHELLS,10034.0,7
5137,Ruby,Valentina,COCONUT_COUPON,SEASHELLS,664.0,16
5143,Rhianna,Vinnie,COCONUT,SEASHELLS,10046.0,2
5155,Valentina,Vinnie,COCONUT_COUPON,SEASHELLS,667.0,19
5156,Vladimir,Ruby,COCONUT_COUPON,SEASHELLS,669.0,3
5156,Valentina,Ruby,COCONUT_COUPON,SEASHELLS,669.0,16
5181,Valentina,Ruby,COCONUT_COUPON,SEASHELLS,664.0,11
5182,Vinnie,Raj,COCONUT,SEASHELLS,10052.0,10
5188,Valentina,Rhianna,COCONUT_COUPON,SEASHELLS,665.0,8
5189,Valentina,Vinnie,COCONUT_COUPON,SEASHELLS,665.0,15
5191,Vinnie,Vinnie,COCONUT,SEASHELLS,10054.0,6
5192,Valentina,Vinnie,COCONUT_COUPON,SEASHELLS,663.0,17
5193,Valentina,Rhianna,COCONUT_COUPON,SEASHELLS,665.0,14
5213,Vinnie,Vinnie,COCONUT,SEASHELLS,10056.0,9
5221,Ruby,Valentina,COCONUT_COUPON,SEASHELLS,658.0,18
5250,Vinnie,Vinnie,COCONUT,SEASHELLS,10054.0,8
5257,Vinnie,Vinnie,COCONUT,SEASHELLS,10052.0,8
5260,Vinnie,Vinnie,COCONUT,SEASHELLS,10055.0,8
5266,Vinnie,Raj,COCONUT,SEASHELLS,10058.0,9
5274,Vinnie,Vinnie,COCONUT,SEASHELLS,10058.0,5
5277,Vinnie,Vinnie,COCONUT,SEASHELLS,10055.0,10
5278,Vinnie,Vinnie,COCONUT,SEASHELLS,10054.0,5
5280,Valentina,Vinnie,COCONUT_COUPON,SEASHELLS,666.0,11
5289,Vinnie,Raj,COCONUT,SEASHELLS,10053.0,9
5294,Valentina,Rhianna,COCONUT_COUPON,SEASHELLS,667.0,13
5297,Valentina,Vinnie,COCONUT_COUPON,SEASHELLS,668.0,19
5298,Valentina,Vinnie,COCONUT_COUPON,SEASHELLS,670.0,16
5298,Vladimir,Vinnie,COCONUT_COUPON,SEASHELLS,670.0,1
5310,Valentina,Vinnie,COCONUT_COUPON,SEASHELLS,671.0,18
5315,Vinnie,Vinnie,COCONUT,SEASHELLS,10059.0,10
5319,Valentina,Ruby,COCONUT_COUPON,SEASHELLS,673.0,10
5321,Valentina,Vinnie,COCONUT_COUPON,SEASHELLS,671.0,12
5329,Valentina,Vinnie,COCONUT_COUPON,SEASHELLS,669.0,16
5336,Raj,Vinnie,COCONUT,SEASHELLS,10062.0,10
5341,Vinnie,Vinnie,COCONUT,SEASHELLS,10064.0,7
5343,Rhianna,Vinnie,COCONUT,SEASHELLS,10065.0,1
5361,Valentina,Vinnie,COCONUT_COUPON,SEASHELLS,678.0,19
5368,Vinnie,Vinnie,COCONUT,SEASHELLS,10066.0,5
5375,Rhianna,Vinnie,COCONUT,SEASHELLS,10069.0,1
5375,Vladimir,Ruby,COCONUT_COUPON,SEASHELLS,679.0,6
5375,Valentina,Vinnie,COCONUT_COUPON,SEASHELLS,679.0,13
5375,Valentina,Ruby,COCONUT_COUPON,SEASHELLS,679.0,10
5378,Valentina,Vinnie,COCONUT_COUPON,SEASHELLS,678.0,15
5395,Valentina,Vinnie,COCONUT_COUPON,SEASHELLS,680.0,20
5399,Valentina,Vinnie,COCONUT_COUPON,SEASHELLS,682.0,19
5403,Vinnie,Vinnie,COCONUT,SEASHELLS,10072.0,8
5412,Valentina,Valentina,COCONUT_COUPON,SEASHELLS,682.0,6
5428,Valentina,Vinnie,COCONUT_COUPON,SEASHELLS,680.0,11
5438,Valentina,Valentina,COCONUT_COUPON,SEASHELLS,677.0,10
5440,Valentina,Vinnie,COCONUT_COUPON,SEASHELLS,677.0,16
5449,Valentina,Vinnie,COCONUT_COUPON,SEASHELLS,677.0,12
5450,Valentina,Vinnie,COCONUT_COUPON,SEASHELLS,677.0,19
5459,Valentina,Rhianna,COCONUT_COUPON,SEASHELLS,679.0,13
5463,Raj,Vinnie,COCONUT,SEASHELLS,10070.0,9
5480,Valentina,Vinnie,COCONUT_COUPON,SEASHELLS,683.0,18
5491,Rhianna,Vinnie,COCONUT,SEASHELLS,10074.0,2
5497,Rhianna,Vinnie,COCONUT,SEASHELLS,10073.0,3
5497,Valentina,Valentina,COCONUT_COUPON,SEASHELLS,675.0,5
5499,Valentina,Rhianna,COCONUT_COUPON,SEASHELLS,675.0,11
5501,Valentina,Vinnie,COCONUT_COUPON,SEASHELLS,672.0,18
5511,Rhianna,Vinnie,COCONUT,SEASHELLS,10078.0,1
5514,Vinnie,Raj,COCONUT,SEASHELLS,10079.0,10
5514,Rhianna,Vinnie,COCONUT,SEASHELLS,10080.0,2
5519,Valentina,Ruby,COCONUT_COUPON,SEASHELLS,669.0,15
5525,Vinnie,Raj,COCONUT,SEASHELLS,10078.0,7
5534,Vinnie,Vinnie,COCONUT,SEASHELLS,10074.0,5
5544,Valentina,Valentina,COCONUT_COUPON,SEASHELLS,666.0,7
5548,Valentina,Rhianna,COCONUT_COUPON,SEASHELLS,666.0,6
5552,Valentina,Ruby,COCONUT_COUPON,SEASHELLS,663.0,13
5553,Vinnie,Vinnie,COCONUT,SEASHELLS,10074.0,10
5564,Vladimir,Vinnie,COCONUT_COUPON,SEASHELLS,667.0,1
5564,Valentina,Vinnie,COCONUT_COUPON,SEASHELLS,667.0,17
5564,Vinnie,Vinnie,COCONUT,SEASHELLS,10077.0,10
5569,Vinnie,Vinnie,COCONUT,SEASHELLS,10076.0,6
5581,Vinnie,Vinnie,COCONUT,SEASHELLS,10072.0,6
5595,Valentina,Rhianna,COCONUT_COUPON,SEASHELLS,663.0,14
5596,Vinnie,Raj,COCONUT,SEASHELLS,10069.0,10
5606,Valentina,Vinnie,COCONUT_COUPON,SEASHELLS,662.0,18
5609,Valentina,Vinnie,COCONUT_COUPON,SEASHELLS,659.0,10
5617,Valentina,Vinnie,COCONUT_COUPON,SEASHELLS,660.0,16
5623,Vinnie,Vinnie,COCONUT,SEASHELLS,10067.0,9
5625,Vinnie,Vinnie,COCONUT,SEASHELLS,10068.0,5
5635,Vinnie,Vinnie,COCONUT,SEASHELLS,10067.0,6
5643,Vinnie,Vinnie,COCONUT,SEASHELLS,10071.0,5
5649,Valentina,Vinnie,COCONUT_COUPON,SEASHELLS,658.0,10
5668,Valentina,Vinnie,COCONUT_COUPON,SEASHELLS,661.0,12
5691,Valentina,Rhianna,COCONUT_COUPON,SEASHELLS,651.0,7
5706,Ruby,Valentina,COCONUT_COUPON,SEASHELLS,647.0,19
5710,Vinnie,Vinnie,COCONUT,SEASHELLS,10060.0,7
5712,Vinnie,Vinnie,COCONUT,SEASHELLS,10060.0,6
5722,Raj,Vinnie,COCONUT,SEASHELLS,10060.0,6
5732,Valentina,Vinnie,COCONUT_COUPON,SEASHELLS,640.0,16
5732,Vladimir,Vinnie,COCONUT_COUPON,SEASHELLS,640.0,4
5761,Vinnie,Vinnie,COCONUT,SEASHELLS,10046.0,5
5772,Valentina,Vinnie,COCONUT_COUPON,SEASHELLS,652.0,15
5776,Vinnie,Vinnie,COCONUT,SEASHELLS,10045.0,7
5782,Vinnie,Rhianna,COCONUT,SEASHELLS,10042.0,3
5783,Valentina,Vinnie,COCONUT_COUPON,SEASHELLS,646.0,16
5783,Vladimir,Vinnie,COCONUT_COUPON,SEASHELLS,646.0,1
5785,Vinnie,Vinnie,COCONUT,SEASHELLS,10048.0,8
5791,Vinnie,Raj,COCONUT,SEASHELLS,10043.0,10
5794,Vinnie,Vinnie,COCONUT,SEASHELLS,10044.0,8
5796,Valentina,Valentina,COCONUT_COUPON,SEASHELLS,648.0,10
5799,Ruby,Valentina,COCONUT_COUPON,SEASHELLS,650.0,14
5799,Valentina,Rhianna,COCONUT_COUPON,SEASHELLS,649.0,9
5809,Valentina,Vinnie,COCONUT_COUPON,SEASHELLS,648.0,16
5815,Valentina,Vladimir,COCONUT_COUPON,SEASHELLS,651.0,7
5824,Valentina,Vinnie,COCONUT_COUPON,SEASHELLS,649.0,10
5828,Vinnie,Vinnie,COCONUT,SEASHELLS,10044.0,6
5836,Vinnie,Rhianna,COCONUT,SEASHELLS,10043.0,2
5836,Raj,Vinnie,COCONUT,SEASHELLS,10044.0,10
5845,Vinnie,Vinnie,COCONUT,SEASHELLS,10043.0,6
5846,Valentina,Vinnie,COCONUT_COUPON,SEASHELLS,661.0,12
5851,Vinnie,Vinnie,COCONUT_COUPON,SEASHELLS,663.0,1
5855,Valentina,Vinnie,COCONUT_COUPON,SEASHELLS,663.0,10
5880,Ruby,Valentina,COCONUT_COUPON,SEASHELLS,670.0,19
5882,Valentina,Vinnie,COCONUT_COUPON,SEASHELLS,669.0,10
5883,Vinnie,Rhianna,COCONUT,SEASHELLS,10059.0,1
5890,Valentina,Ruby,COCONUT_COUPON,SEASHELLS,671.0,19
5895,Valentina,Vinnie,COCONUT_COUPON,SEASHELLS,671.0,13
5924,Vinnie,Vinnie,COCONUT,SEASHELLS,10051.0,5
5935,Valentina,Vinnie,COCONUT_COUPON,SEASHELLS,664.0,17
5939,Ruby,Valentina,COCONUT_COUPON,SEASHELLS,664.0,12
5958,Raj,Vinnie,COCONUT,SEASHELLS,10051.0,5
5974,Valentina,Vinnie,COCONUT_COUPON,SEASHELLS,668.0,13
6010,Vinnie,Raj,COCONUT,SEASHELLS,10048.0,8
6015,Vladimir,Rhianna,COCONUT_COUPON,SEASHELLS,660.0,9
6016,Vinnie,Rhianna,COCONUT,SEASHELLS,10048.0,2
6017,Ruby,Valentina,COCONUT_COUPON,SEASHELLS,661.0,12
6019,Rhianna,Vinnie,COCONUT,SEASHELLS,10048.0,3
6020,Vinnie,Vinnie,COCONUT,SEASHELLS,10047.0,10
6031,Vinnie,Rhianna,COCONUT,SEASHELLS,10051.0,2
6033,Valentina,Valentina,COCONUT_COUPON,SEASHELLS,661.0,8
6042,Vinnie,Vinnie,COCONUT,SEASHELLS,10054.0,8
6049,Ruby,Valentina,COCONUT_COUPON,SEASHELLS,661.0,15
6058,Raj,Vinnie,COCONUT,SEASHELLS,10059.0,9
6060,Rhianna,Vinnie,COCONUT,SEASHELLS,10057.0,3
6062,Valentina,Rhianna,COCONUT_COUPON,SEASHELLS,669.0,9
6066,Vinnie,Vinnie,COCONUT,SEASHELLS,10057.0,7
6078,Valentina,Vinnie,COCONUT_COUPON,SEASHELLS,673.0,11
6080,Valentina,Vinnie,COCONUT_COUPON,SEASHELLS,674.0,14
6080,Vinnie,Rhianna,COCONUT,SEASHELLS,10057.0,3
6099,Valentina,Vinnie,COCONUT_COUPON,SEASHELLS,676.0,10
6100,Valentina,Vinnie,COCONUT_COUPON,SEASHELLS,675.0,11
6101,Vinnie,Rhianna,COCONUT,SEASHELLS,10061.0,2
6102,Rhianna,Vinnie,COCONUT,SEASHELLS,10064.0,3
6105,Valentina,Vinnie,COCONUT_COUPON,SEASHELLS,676.0,16
6106,Vinnie,Raj,COCONUT,SEASHELLS,10061.0,10
6106,Rhianna,Vinnie,COCONUT,SEASHELLS,10062.0,3
6111,Valentina,Vinnie,COCONUT_COUPON,SEASHELLS,675.0,14
6120,Vladimir,Vinnie,COCONUT_COUPON,SEASHELLS,672.0,1
6120,Valentina,Vinnie,COCONUT_COUPON,SEASHELLS,672.0,16
6136,Valentina,Rhianna,COCONUT_COUPON,SEASHELLS,670.0,11
6146,Valentina,Vinnie,COCONUT_COUPON,SEASHELLS,666.0,13
6171,Valentina,Vinnie,COCONUT_COUPON,SEASHELLS,652.0,10
6173,Ruby,Valentina,COCONUT_COUPON,SEASHELLS,654.0,17
6173,Vinnie,Vinnie,COCONUT,SEASHELLS,10036.0,7
6176,Ruby,Valentina,COCONUT_COUPON,SEASHELLS,654.0,19
6176,Valentina,Vinnie,COCONUT_COUPON,SEASHELLS,653.0,19
6185,Valentina,Vinnie,COCONUT_COUPON,SEASHELLS,655.0,16
6192,Rhianna,Vladimir,COCONUT_COUPON,SEASHELLS,652.0,10
6197,Vinnie,Vinnie,COCONUT,SEASHELLS,10033.0,6
6199,Valentina,Rhianna,COCONUT_COUPON,SEASHELLS,653.0,5
6201,Valentina,Vinnie,COCONUT_COUPON,SEASHELLS,653.0,12
6201,Valentina,Valentina,COCONUT_COUPON,SEASHELLS,653.0,7
6216,Ruby,Valentina,COCONUT_COUPON,SEASHELLS,649.0,14
6225,Ruby,Valentina,COCONUT_COUPON,SEASHELLS,645.0,13
6226,Valentina,Ruby,COCONUT_COUPON,SEASHELLS,646.0,11
6229,Valentina,Vinnie,COCONUT_COUPON,SEASHELLS,645.0,16
6236,Vinnie,Raj,COCONUT,SEASHELLS,10035.0,5
6249,Vinnie,Vinnie,COCONUT,SEASHELLS,10036.0,9
6251,Vinnie,Vinnie,COCONUT,SEASHELLS,10036.0,9
6253,Vinnie,Vinnie,COCONUT,SEASHELLS,10035.0,5
6255,Vinnie,Vinnie,COCONUT,SEASHELLS,10036.0,9
6263,Ruby,Valentina,COCONUT_COUPON,SEASHELLS,640.0,15
6265,Raj,Vinnie,COCONUT,SEASHELLS,10034.0,5
6275,Valentina,Vinnie,COCONUT_COUPON,SEASHELLS,639.0,19
6275,Vladimir,Vinnie,COCONUT_COUPON,SEASHELLS,639.0,1
6281,Vinnie,Vinnie,COCONUT,SEASHELLS,10033.0,9
6286,Valentina,Ruby,COCONUT_COUPON,SEASHELLS,637.0,18
6290,Valentina,Vinnie,COCONUT_COUPON,SEASHELLS,638.0,15
6290,Vinnie,Vinnie,COCONUT,SEASHELLS,10031.0,6
6297,Vinnie,Vinnie,COCONUT,SEASHELLS,10033.0,8
6301,Valentina,Rhianna,COCONUT_COUPON,SEASHELLS,639.0,15
6322,Valentina,Vinnie,COCONUT_COUPON,SEASHELLS,645.0,15
6323,Valentina,Rhianna,COCONUT_COUPON,SEASHELLS,644.0,9
6329,Valentina,Vinnie,COCONUT_COUPON,SEASHELLS,639.0,16
6331,Vinnie,Vinnie,COCONUT,SEASHELLS,10033.0,6
6332,Vinnie,Vinnie,COCONUT,SEASHELLS,10033.0,5
6336,Rhianna,Vinnie,COCONUT,SEASHELLS,10036.0,3
6348,Valentina,Vinnie,COCONUT_COUPON,SEASHELLS,634.0,17
6354,Raj,Vinnie,COCONUT,SEASHELLS,10028.0,9
6363,Vinnie,Vinnie,COCONUT,SEASHELLS,10028.0,10
6365,Valentina,Vinnie,COCONUT_COUPON,SEASHELLS,636.0,11
6366,Valentina,Vinnie,COCONUT_COUPON,SEASHELLS,635.0,19
6366,Vinnie,Vinnie,COCONUT,SEASHELLS,10027.0,7
6369,Vinnie,Raj,COCONUT,SEASHELLS,10026.0,8
6376,Vinnie,Vinnie,COCONUT,SEASHELLS,10028.0,6
6378,Valentina,Rhianna,COCONUT_COUPON,SEASHELLS,635.0,14
6388,Valentina,Vinnie,COCONUT_COUPON,SEASHELLS,637.0,17
6388,Vinnie,Vinnie,COCONUT,SEASHELLS,10034.0,5
6390,Ruby,Valentina,COCONUT_COUPON,SEASHELLS,640.0,20
6415,Valentina,Valentina,COCONUT_COUPON,SEASHELLS,635.0,4
6415,Vinnie,Vinnie,COCONUT,SEASHELLS,10037.0,7
6418,Vinnie,Vinnie,COCONUT,SEASHELLS,10038.0,9
6419,Vinnie,Vinnie,COCONUT,SEASHELLS,10039.0,9
6423,Valentina,Vinnie,COCONUT_COUPON,SEASHELLS,631.0,15
6432,Valentina,Vinnie,COCONUT_COUPON,SEASHELLS,634.0,13
6435,Vinnie,Vinnie,COCONUT,SEASHELLS,10038.0,6
6442,Vinnie,Vinnie,COCONUT,SEASHELLS,10037.0,6
6443,Valentina,Vinnie,COCONUT_COUPON,SEASHELLS,631.0,16
6443,Vladimir,Rhianna,COCONUT_COUPON,SEASHELLS,631.0,3
6443,Valentina,Rhianna,COCONUT_COUPON,SEASHELLS,631.0,11
6466,Vinnie,Vinnie,COCONUT,SEASHELLS,10032.0,9
6466,Raj,Vinnie,COCONUT,SEASHELLS,10034.0,10
6476,Vinnie,Raj,COCONUT,SEASHELLS,10037.0,10
6476,Vinnie,Rhianna,COCONUT,SEASHELLS,10037.0,2
6482,Valentina,Vinnie,COCONUT_COUPON,SEASHELLS,648.0,17
6488,Raj,Vinnie,COCONUT,SEASHELLS,10042.0,9
6490,Vladimir,Vinnie,COCONUT_COUPON,SEASHELLS,646.0,1
6490,Valentina,Vinnie,COCONUT_COUPON,SEASHELLS,646.0,15
6491,Valentina,Vinnie,COCONUT_COUPON,SEASHELLS,647.0,16
6492,Valentina,Vinnie,COCONUT_COUPON,SEASHELLS,646.0,20
6493,Rhianna,Vinnie,COCONUT,SEASHELLS,10042.0,1
6499,Valentina,Valentina,COCONUT_COUPON,SEASHELLS,647.0,10
6517,Valentina,Valentina,COCONUT_COUPON,SEASHELLS,651.0,10
6518,Vinnie,Rhianna,COCONUT,SEASHELLS,10049.0,3
6539,Valentina,Valentina,COCONUT_COUPON,SEASHELLS,647.0,6
6548,Valentina,Vinnie,COCONUT_COUPON,SEASHELLS,653.0,16
6548,Vladimir,Vinnie,COCONUT_COUPON,SEASHELLS,653.0,3
6553,Valentina,Vinnie,COCONUT_COUPON,SEASHELLS,655.0,20
6587,Valentina,Rhianna,COCONUT_COUPON,SEASHELLS,659.0,5
6608,Valentina,Vinnie,COCONUT_COUPON,SEASHELLS,658.0,16
6613,Vinnie,Vinnie,COCONUT,SEASHELLS,10043.0,9
6616,Valentina,Valentina,COCONUT_COUPON,SEASHELLS,660.0,5
6617,Vinnie,Raj,COCONUT,SEASHELLS,10039.0,9
6620,Vinnie,Raj,COCONUT,SEASHELLS,10041.0,9
6625,Valentina,Vinnie,COCONUT_COUPON,SEASHELLS,667.0,15
6632,Vinnie,Vinnie,COCONUT,SEASHELLS,10043.0,6
6632,Ruby,Valentina,COCONUT_COUPON,SEASHELLS,672.0,13
6640,Valentina,Valentina,COCONUT_COUPON,SEASHELLS,671.0,10
6641,Valentina,Vinnie,COCONUT_COUPON,SEASHELLS,670.0,11
6644,Vinnie,Vinnie,COCONUT,SEASHELLS,10040.0,10
6655,Valentina,Valentina,COCONUT_COUPON,SEASHELLS,670.0,10
6658,Valentina,Vinnie,COCONUT_COUPON,SEASHELLS,670.0,17
6663,Valentina,Valentina,COCONUT_COUPON,SEASHELLS,669.0,7
6666,Vinnie,Rhianna,COCONUT,SEASHELLS,10041.0,1
6666,Valentina,Valentina,COCONUT_COUPON,SEASHELLS,668.0,10
6668,Valentina,Vinnie,COCONUT_COUPON,SEASHELLS,669.0,12
6670,Rhianna,Vinnie,COCONUT,SEASHELLS,10047.0,1
6693,Valentina,Rhianna,COCONUT_COUPON,SEASHELLS,671.0,14
6700,Vinnie,Vinnie,COCONUT,SEASHELLS,10045.0,10
6701,Vinnie,Vinnie,COCONUT,SEASHELLS,10045.0,7
6715,Valentina,Vinnie,COCONUT_COUPON,SEASHELLS,671.0,19
6716,Vinnie,Raj,COCONUT,SEASHELLS,10050.0,7
6718,Vinnie,Raj,COCONUT,SEASHELLS,10050.0,6
6734,Valentina,Vinnie,COCONUT_COUPON,SEASHELLS,663.0,14
6739,Valentina,Valentina,COCONUT_COUPON,SEASHELLS,661.0,8
6750,Valentina,Valentina,COCONUT_COUPON,SEASHELLS,669.0,9
6761,Valentina,Rhianna,COCONUT_COUPON,SEASHELLS,671.0,15
6762,Vinnie,Vinnie,COCONUT,SEASHELLS,10053.0,5
6768,Vinnie,Vinnie,COCONUT,SEASHELLS,10051.0,9
6774,Vinnie,Vinnie,COCONUT,SEASHELLS,10047.0,8
6778,Rhianna,Vinnie,COCONUT,SEASHELLS,10049.0,2
6787,Valentina,Vinnie,COCONUT_COUPON,SEASHELLS,669.0,15
6787,Vladimir,Vinnie,COCONUT_COUPON,SEASHELLS,669.0,1
6789,Ruby,Valentina,COCONUT_COUPON,SEASHELLS,670.0,11
6794,Valentina,Valentina,COCONUT_COUPON,SEASHELLS,667.0,10
6799,Vinnie,Rhianna,COCONUT,SEASHELLS,10046.0,1
6803,Vladimir,Vinnie,COCONUT_COUPON,SEASHELLS,673.0,4
6803,Valentina,Vinnie,COCONUT_COUPON,SEASHELLS,673.0,16
6811,Raj,Vinnie,COCONUT,SEASHELLS,10050.0,9
6813,Valentina,Vinnie,COCONUT_COUPON,SEASHELLS,669.0,15
6815,Valentina,Ruby,COCONUT_COUPON,SEASHELLS,667.0,17
6822,Vinnie,Vinnie,COCONUT,SEASHELLS,10046.0,9
6831,Valentina,Vinnie,COCONUT_COUPON,SEASHELLS,662.0,12
6835,Valentina,Vinnie,COCONUT_COUPON,SEASHELLS,659.0,10
6845,Valentina,Valentina,COCONUT_COUPON,SEASHELLS,662.0,5
6846,Valentina,Vinnie,COCONUT_COUPON,SEASHELLS,665.0,12
6847,Ruby,Valentina,COCONUT_COUPON,SEASHELLS,665.0,20
6861,Vinnie,Rhianna,COCONUT,SEASHELLS,10059.0,2
6868,Vinnie,Rhianna,COCONUT,SEASHELLS,10056.0,1
6877,Valentina,Rhianna,COCONUT_COUPON,SEASHELLS,668.0,11
6883,Valentina,Valentina,COCONUT_COUPON,SEASHELLS,665.0,6
6889,Vinnie,Vinnie,COCONUT,SEASHELLS,10056.0,5
6892,Raj,Vinnie,COCONUT,SEASHELLS,10057.0,7
6917,Vinnie,Vinnie,COCONUT,SEASHELLS,10057.0,9
6927,Vinnie,Vinnie,COCONUT,SEASHELLS,10062.0,6
6932,Valentina,Vinnie,COCONUT_COUPON,SEASHELLS,669.0,16
6937,Valentina,Vinnie,COCONUT_COUPON,SEASHELLS,672.0,19
6940,Ruby,Valentina,COCONUT_COUPON,SEASHELLS,673.0,12
6943,Valentina,Vinnie,COCONUT_COUPON,SEASHELLS,674.0,13
6954,Vinnie,Vinnie,COCONUT,SEASHELLS,10070.0,8
6957,Vinnie,Vinnie,COCONUT,SEASHELLS,10070.0,8
6966,Vinnie,Vinnie,COCONUT,SEASHELLS,10065.0,9
6969,Raj,Vinnie,COCONUT,SEASHELLS,10067.0,10
6975,Vinnie,Vinnie,COCONUT,SEASHELLS,10068.0,9
6982,Valentina,Ruby,COCONUT_COUPON,SEASHELLS,676.0,14
6990,Vinnie,Vinnie,COCONUT,SEASHELLS,10063.0,5
6994,Raj,Vinnie,COCONUT,SEASHELLS,10069.0,7
7008,Valentina,Vinnie,COCONUT_COUPON,SEASHELLS,680.0,14
7012,Valentina,Valentina,COCONUT_COUPON,SEASHELLS,679.0,8
7022,Valentina,Vinnie,COCONUT_COUPON,SEASHELLS,683.0,11
7027,Vinnie,Rhianna,COCONUT,SEASHELLS,10071.0,2
7030,Valentina,Ruby,COCONUT_COUPON,SEASHELLS,684.0,10
7036,Vinnie,Vinnie,COCONUT,SEASHELLS,10072.0,10
7047,Vinnie,Vinnie,COCONUT,SEASHELLS,10072.0,8
7049,Vinnie,Vinnie,COCONUT,SEASHELLS,10073.0,9
7054,Vinnie,Vinnie,COCONUT,SEASHELLS,10074.0,9
7060,Valentina,Vinnie,COCONUT_COUPON,SEASHELLS,677.0,16
7067,Valentina,Vinnie,COCONUT_COUPON,SEASHELLS,673.0,19
7087,Valentina,Vinnie,COCONUT_COUPON,SEASHELLS,672.0,10
7099,Valentina,Rhianna,COCONUT_COUPON,SEASHELLS,676.0,15
7103,Valentina,Vinnie,COCONUT_COUPON,SEASHELLS,672.0,14
7109,Vinnie,Vinnie,COCONUT,SEASHELLS,10079.0,10
7114,Vinnie,Vinnie,COCONUT,SEASHELLS,10078.0,10
7124,Vinnie,Raj,COCONUT,SEASHELLS,10075.0,7
7130,Vinnie,Vinnie,COCONUT,SEASHELLS,10074.0,6
7140,Vinnie,Raj,COCONUT,SEASHELLS,10077.0,9
7148,Valentina,Vinnie,COCONUT_COUPON,SEASHELLS,683.0,18
7152,Valentina,Vinnie,COCONUT_COUPON,SEASHELLS,681.0,11
7158,Valentina,Vinnie,COCONUT_COUPON,SEASHELLS,681.0,11
7158,Raj,Vinnie,COCONUT,SEASHELLS,10079.0,7
7165,Valentina,Rhianna,COCONUT_COUPON,SEASHELLS,681.0,13
7173,Vinnie,Vinnie,COCONUT,SEASHELLS,10076.0,5
7183,Valentina,Vinnie,COCONUT_COUPON,SEASHELLS,681.0,16
7183,Ruby,Valentina,COCONUT_COUPON,SEASHELLS,682.0,15
7198,Rhianna,Vinnie,COCONUT,SEASHELLS,10073.0,2
7203,Valentina,Valentina,COCONUT_COUPON,SEASHELLS,679.0,6
7211,Rhianna,Vinnie,COCONUT,SEASHELLS,10070.0,1
7215,Vinnie,Vinnie,COCONUT,SEASHELLS,10071.0,7
7215,Raj,Vinnie,COCONUT,SEASHELLS,10072.0,7
7216,Valentina,Vinnie,COCONUT_COUPON,SEASHELLS,677.0,11
7217,Vinnie,Vinnie,COCONUT,SEASHELLS,10071.0,10
7222,Vinnie,Vinnie,COCONUT_COUPON,SEASHELLS,676.0,2
7222,Rhianna,Vinnie,COCONUT_COUPON,SEASHELLS,676.0,9
7223,Valentina,Rhianna,COCONUT_COUPON,SEASHELLS,674.0,12
7227,Vinnie,Vinnie,COCONUT,SEASHELLS,10071.0,7
7229,Vinnie,Vinnie,COCONUT,SEASHELLS,10070.0,10
7232,Valentina,Rhianna,COCONUT_COUPON,SEASHELLS,669.0,10
7232,Rhianna,Vinnie,COCONUT,SEASHELLS,10071.0,2
7232,Valentina,Valentina,COCONUT_COUPON,SEASHELLS,669.0,5
7239,Valentina,Rhianna,COCONUT_COUPON,SEASHELLS,669.0,6
7244,Valentina,Vinnie,COCONUT_COUPON,SEASHELLS,672.0,17
7247,Vinnie,Vinnie,COCONUT,SEASHELLS,10072.0,8
7254,Vinnie,Rhianna,COCONUT,SEASHELLS,10070.0,3
7258,Valentina,Vinnie,COCONUT_COUPON,SEASHELLS,665.0,15
7261,Vladimir,Ruby,COCONUT_COUPON,SEASHELLS,664.0,2
7261,Valentina,Ruby,COCONUT_COUPON,SEASHELLS,664.0,17
7262,Vinnie,Vinnie,COCONUT,SEASHELLS,10065.0,10
7296,Vinnie,Rhianna,COCONUT,SEASHELLS,10067.0,1
7306,Ruby,Valentina,COCONUT_COUPON,SEASHELLS,668.0,12
7316,Vinnie,Vinnie,COCONUT,SEASHELLS,10070.0,7
7323,Valentina,Vinnie,COCONUT_COUPON,SEASHELLS,665.0,16
7324,Vinnie,Vinnie,COCONUT,SEASHELLS,10071.0,8
7328,Valentina,Vinnie,COCONUT_COUPON,SEASHELLS,667.0,14
7331,Valentina,Vinnie,COCONUT_COUPON,SEASHELLS,670.0,16
7331,Vladimir,Vinnie,COCONUT_COUPON,SEASHELLS,670.0,4
7334,Valentina,Vinnie,COCONUT_COUPON,SEASHELLS,671.0,11
7337,Valentina,Vinnie,COCONUT_COUPON,SEASHELLS,671.0,12
7338,Vinnie,Vinnie,COCONUT,SEASHELLS,10074.0,5
7342,Valentina,Vinnie,COCONUT_COUPON,SEASHELLS,668.0,15
7345,Valentina,Vinnie,COCONUT_COUPON,SEASHELLS,668.0,17
7347,Valentina,Vinnie,COCONUT_COUPON,SEASHELLS,669.0,15
7352,Valentina,Vinnie,COCONUT_COUPON,SEASHELLS,667.0,11
7359,Raj,Vinnie,COCONUT,SEASHELLS,10079.0,10
7365,Valentina,Rhianna,COCONUT_COUPON,SEASHELLS,669.0,8
7393,Valentina,Vinnie,COCONUT_COUPON,SEASHELLS,667.0,11
7398,Vinnie,Rhianna,COCONUT,SEASHELLS,10075.0,3
7404,Valentina,Rhianna,COCONUT_COUPON,SEASHELLS,664.0,6
7407,Valentina,Ruby,COCONUT_COUPON,SEASHELLS,662.0,16
7412,Rhianna,Vinnie,COCONUT,SEASHELLS,10075.0,1
7432,Vinnie,Vinnie,COCONUT,SEASHELLS,10084.0,6
7436,Vinnie,Vinnie,COCONUT,SEASHELLS,10085.0,5
7436,Valentina,Vinnie,COCONUT_COUPON,SEASHELLS,661.0,19
7442,Valentina,Vinnie,COCONUT_COUPON,SEASHELLS,662.0,11
7442,Vinnie,Raj,COCONUT,SEASHELLS,10087.0,5
7446,Vladimir,Ruby,COCONUT_COUPON,SEASHELLS,660.0,2
7446,Valentina,Ruby,COCONUT_COUPON,SEASHELLS,660.0,15
7451,Valentina,Rhianna,COCONUT_COUPON,SEASHELLS,656.0,15
7460,Valentina,Ruby,COCONUT_COUPON,SEASHELLS,658.0,20
7474,Vinnie,Vinnie,COCONUT,SEASHELLS,10085.0,5
7478,Raj,Vinnie,COCONUT,SEASHELLS,10086.0,10
7479,Vinnie,Raj,COCONUT,SEASHELLS,10084.0,10
7480,Valentina,Vinnie,COCONUT_COUPON,SEASHELLS,664.0,11
7491,Ruby,Valentina,COCONUT_COUPON,SEASHELLS,669.0,12
7492,Vinnie,Rhianna,COCONUT,SEASHELLS,10084.0,1
7496,Vinnie,Vinnie,COCONUT,SEASHELLS,10085.0,8
7496,Valentina,Vinnie,COCONUT_COUPON,SEASHELLS,671.0,20
7499,Valentina,Valentina,COCONUT_COUPON,SEASHELLS,668.0,8
7515,Vinnie,Rhianna,COCONUT,SEASHELLS,10086.0,3
7516,Valentina,Ruby,COCONUT_COUPON,SEASHELLS,667.0,19
7520,Valentina,Valentina,COCONUT_COUPON,SEASHELLS,669.0,9
7539,Vinnie,Raj,COCONUT,SEASHELLS,10084.0,7
7541,Raj,Vinnie,COCONUT,SEASHELLS,10087.0,6
7542,Vinnie,Vinnie,COCONUT,SEASHELLS,10086.0,8
7553,Valentina,Vinnie,COCONUT_COUPON,SEASHELLS,664.0,11
7554,Raj,Vinnie,COCONUT,SEASHELLS,10086.0,5
7555,Vinnie,Vinnie,COCONUT,SEASHELLS,10084.0,10
7556,Valentina,Vinnie,COCONUT_COUPON,SEASHELLS,661.0,11
7558,Valentina,Rhianna,COCONUT_COUPON,SEASHELLS,660.0,10
7561,Valentina,Vinnie,COCONUT_COUPON,SEASHELLS,658.0,16
7566,Valentina,Vinnie,COCONUT_COUPON,SEASHELLS,659.0,14
7572,Vinnie,Rhianna,COCONUT,SEASHELLS,10083.0,3
7586,Vinnie,Vinnie,COCONUT,SEASHELLS,10078.0,5
7586,Valentina,Vinnie,COCONUT_COUPON,SEASHELLS,653.0,13
7590,Valentina,Vinnie,COCONUT_COUPON,SEASHELLS,654.0,13
7594,Valentina,Vinnie,COCONUT_COUPON,SEASHELLS,652.0,14
7597,Valentina,Vinnie,COCONUT_COUPON,SEASHELLS,652.0,13
7603,Valentina,Ruby,COCONUT_COUPON,SEASHELLS,658.0,15
7608,Vinnie,Vinnie,COCONUT,SEASHELLS,10080.0,5
7614,Valentina,Rhianna,COCONUT_COUPON,SEASHELLS,663.0,9
7619,Valentina,Ruby,COCONUT_COUPON,SEASHELLS,659.0,11
7621,Vinnie,Vinnie,COCONUT,SEASHELLS,10081.0,9
7645,Valentina,Vinnie,COCONUT_COUPON,SEASHELLS,667.0,18
7647,Valentina,Vinnie,COCONUT_COUPON,SEASHELLS,666.0,18
7663,Valentina,Valentina,COCONUT_COUPON,SEASHELLS,668.0,6
7665,Valentina,Rhianna,COCONUT_COUPON,SEASHELLS,667.0,11
7667,Vinnie,Rhianna,COCONUT,SEASHELLS,10088.0,2
7670,Valentina,Vinnie,COCONUT_COUPON,SEASHELLS,667.0,12
7680,Raj,Vinnie,COCONUT,SEASHELLS,10089.0,9
7681,Vinnie,Rhianna,COCONUT,SEASHELLS,10088.0,3
7695,Valentina,Vinnie,COCONUT_COUPON,SEASHELLS,669.0,13
7698,Raj,Vinnie,COCONUT,SEASHELLS,10088.0,10
7720,Valentina,Valentina,COCONUT_COUPON,SEASHELLS,663.0,10
7720,Valentina,Rhianna,COCONUT_COUPON,SEASHELLS,663.0,7
7726,Valentina,Ruby,COCONUT_COUPON,SEASHELLS,660.0,14
7727,Ruby,Valentina,COCONUT_COUPON,SEASHELLS,662.0,13
7732,Valentina,Vinnie,COCONUT_COUPON,SEASHELLS,667.0,12
7737,Vinnie,Vinnie,COCONUT,SEASHELLS,10087.0,5
7739,Valentina,Vinnie,COCONUT_COUPON,SEASHELLS,669.0,11
7740,Raj,Vinnie,COCONUT,SEASHELLS,10089.0,7
7743,Valentina,Vinnie,COCONUT_COUPON,SEASHELLS,671.0,18
7748,Valentina,Vinnie,COCONUT_COUPON,SEASHELLS,670.0,14
7749,Valentina,Rhianna,COCONUT_COUPON,SEASHELLS,668.0,15
7752,Vinnie,Vinnie,COCONUT,SEASHELLS,10092.0,8
7752,Raj,Vinnie,COCONUT,SEASHELLS,10093.0,8
7755,Valentina,Vinnie,COCONUT_COUPON,SEASHELLS,671.0,15
7767,Ruby,Valentina,COCONUT_COUPON,SEASHELLS,664.0,10
7769,Ruby,Valentina,COCONUT_COUPON,SEASHELLS,667.0,15
7774,Vinnie,Vinnie,COCONUT,SEASHELLS,10087.0,5
7774,Valentina,Vinnie,COCONUT_COUPON,SEASHELLS,666.0,14
7780,Vinnie,Raj,COCONUT,SEASHELLS,10087.0,6
7795,Vinnie,Vinnie,COCONUT,SEASHELLS,10092.0,10
7803,Valentina,Vinnie,COCONUT_COUPON,SEASHELLS,666.0,19
7804,Vladimir,Vinnie,COCONUT_COUPON,SEASHELLS,666.0,3
7804,Valentina,Vinnie,COCONUT_COUPON,SEASHELLS,666.0,17
7805,Vladimir,Ruby,COCONUT_COUPON,SEASHELLS,666.0,7
7805,Valentina,Vinnie,COCONUT_COUPON,SEASHELLS,666.0,15
7805,Valentina,Ruby,COCONUT_COUPON,SEASHELLS,666.0,13
7813,Valentina,Vinnie,COCONUT_COUPON,SEASHELLS,665.0,19
7819,Valentina,Vinnie,COCONUT_COUPON,SEASHELLS,667.0,15
7820,Ruby,Valentina,COCONUT_COUPON,SEASHELLS,668.0,12
7832,Vinnie,Vinnie,COCONUT,SEASHELLS,10088.0,9
7838,Vinnie,Vinnie,COCONUT,SEASHELLS,10089.0,5
7847,Ruby,Valentina,COCONUT_COUPON,SEASHELLS,677.0,10
7852,Valentina,Vinnie,COCONUT_COUPON,SEASHELLS,673.0,15
7866,Vinnie,Vinnie,COCONUT,SEASHELLS,10084.0,10
7870,Valentina,Ruby,COCONUT_COUPON,SEASHELLS,671.0,18
7874,Valentina,Vinnie,COCONUT_COUPON,SEASHELLS,672.0,10
7878,Raj,Vinnie,COCONUT,SEASHELLS,10088.0,10
7884,Valentina,Vinnie,COCONUT_COUPON,SEASHELLS,668.0,19
7886,Valentina,Vinnie,COCONUT_COUPON,SEASHELLS,667.0,10
7894,Rhianna,Vinnie,COCONUT,SEASHELLS,10087.0,3
7897,Vinnie,Vinnie,COCONUT,SEASHELLS,10086.0,9
7898,Vinnie,Vinnie,COCONUT,SEASHELLS,10087.0,7
7899,Rhianna,Vinnie,COCONUT,SEASHELLS,10089.0,3
7903,Valentina,Vinnie,COCONUT_COUPON,SEASHELLS,662.0,20
7918,Valentina,Vinnie,COCONUT_COUPON,SEASHELLS,664.0,20
7943,Raj,Vinnie,COCONUT,SEASHELLS,10080.0,7
7949,Valentina,Rhianna,COCONUT_COUPON,SEASHELLS,673.0,6
7953,Vinnie,Vinnie,COCONUT,SEASHELLS,10077.0,6
7954,Vinnie,Vinnie,COCONUT,SEASHELLS,10077.0,7
7958,Valentina,Vinnie,COCONUT_COUPON,SEASHELLS,670.0,14
7961,Vladimir,Ruby,COCONUT_COUPON,SEASHELLS,670.0,4
7961,Valentina,Ruby,COCONUT_COUPON,SEASHELLS,670.0,15
7989,Valentina,Valentina,COCONUT_COUPON,SEASHELLS,682.0,7
7994,Vinnie,Raj,COCONUT,SEASHELLS,10085.0,9
8003,Vinnie,Vinnie,COCONUT,SEASHELLS,10089.0,5
8008,Valentina,Vinnie,COCONUT_COUPON,SEASHELLS,678.0,15
8024,Valentina,Vinnie,COCONUT_COUPON,SEASHELLS,682.0,14
8030,Valentina,Rhianna,COCONUT_COUPON,SEASHELLS,684.0,15
8034,Vladimir,Ruby,COCONUT_COUPON,SEASHELLS,684.0,2
8034,Valentina,Ruby,COCONUT_COUPON,SEASHELLS,684.0,12
8034,Valentina,Vinnie,COCONUT_COUPON,SEASHELLS,684.0,16
8035,Valentina,Vinnie,COCONUT_COUPON,SEASHELLS,687.0,17
8047,Valentina,Vinnie,COCONUT_COUPON,SEASHELLS,688.0,10
8054,Vinnie,Vinnie,COCONUT,SEASHELLS,10092.0,10
8060,Valentina,Valentina,COCONUT_COUPON,SEASHELLS,688.0,10
8066,Vinnie,Vinnie,COCONUT,SEASHELLS,10096.0,8
8086,Valentina,Valentina,COCONUT_COUPON,SEASHELLS,689.0,10
8099,Vinnie,Raj,COCONUT,SEASHELLS,10099.0,9
8113,Vinnie,Vinnie,COCONUT,SEASHELLS,10097.0,8
8115,Vinnie,Raj,COCONUT,SEASHELLS,10097.0,6
8115,Valentina,Vinnie,COCONUT_COUPON,SEASHELLS,682.0,17
8139,Valentina,Ruby,COCONUT_COUPON,SEASHELLS,682.0,14
8145,Raj,Vinnie,COCONUT,SEASHELLS,10101.0,5
8149,Vinnie,Vinnie,COCONUT,SEASHELLS,10098.0,5
8153,Valentina,Vinnie,COCONUT_COUPON,SEASHELLS,680.0,16
8158,Vinnie,Vinnie,COCONUT,SEASHELLS,10100.0,7
8163,Vinnie,Vinnie,COCONUT,SEASHELLS,10103.0,5
8163,Valentina,Valentina,COCONUT_COUPON,SEASHELLS,684.0,6
8166,Valentina,Vinnie,COCONUT_COUPON,SEASHELLS,690.0,14
8171,Vinnie,Raj,COCONUT,SEASHELLS,10109.0,7
8202,Valentina,Ruby,COCONUT_COUPON,SEASHELLS,702.0,11
8207,Valentina,Vinnie,COCONUT_COUPON,SEASHELLS,699.0,12
8211,Valentina,Ruby,COCONUT_COUPON,SEASHELLS,698.0,18
8220,Rhianna,Vinnie,COCONUT,SEASHELLS,10106.0,1
8225,Valentina,Vinnie,COCONUT_COUPON,SEASHELLS,695.0,13
8227,Valentina,Ruby,COCONUT_COUPON,SEASHELLS,698.0,16
8234,Ruby,Valentina,COCONUT_COUPON,SEASHELLS,700.0,11
8235,Valentina,Vinnie,COCONUT_COUPON,SEASHELLS,699.0,11
8243,Vinnie,Vinnie,COCONUT,SEASHELLS,10107.0,8
8245,Valentina,Vinnie,COCONUT_COUPON,SEASHELLS,699.0,19
8246,Valentina,Vinnie,COCONUT_COUPON,SEASHELLS,700.0,13
8247,Valentina,Vinnie,COCONUT_COUPON,SEASHELLS,700.0,19
8261,Vinnie,Rhianna,COCONUT,SEASHELLS,10106.0,2
8265,Valentina,Vinnie,COCONUT_COUPON,SEASHELLS,697.0,12
8294,Vinnie,Vinnie,COCONUT,SEASHELLS,10106.0,5
8304,Ruby,Valentina,COCONUT_COUPON,SEASHELLS,693.0,15
8307,Raj,Vinnie,COCONUT,SEASHELLS,10108.0,9
8308,Valentina,Rhianna,COCONUT_COUPON,SEASHELLS,692.0,9
8325,Ruby,Valentina,COCONUT_COUPON,SEASHELLS,695.0,14
8339,Vladimir,Vinnie,COCONUT_COUPON,SEASHELLS,699.0,1
8339,Valentina,Vinnie,COCONUT_COUPON,SEASHELLS,699.0,19
8345,Valentina,Vinnie,COCONUT_COUPON,SEASHELLS,699.0,16
8345,Vladimir,Vinnie,COCONUT_COUPON,SEASHELLS,699.0,2
8347,Valentina,Vinnie,COCONUT_COUPON,SEASHELLS,700.0,13
8349,Valentina,Valentina,COCONUT_COUPON,SEASHELLS,704.0,4
8350,Valentina,Vinnie,COCONUT_COUPON,SEASHELLS,706.0,19
8353,Valentina,Vinnie,COCONUT_COUPON,SEASHELLS,705.0,13
8355,Vinnie,Raj,COCONUT,SEASHELLS,10116.0,9
8356,Raj,Vinnie,COCONUT,SEASHELLS,10117.0,6
8361,Vinnie,Vinnie,COCONUT,SEASHELLS,10116.0,10
8367,Valentina,Vinnie,COCONUT_COUPON,SEASHELLS,699.0,14
8367,Rhianna,Vinnie,COCONUT,SEASHELLS,10112.0,2
8373,Valentina,Vinnie,COCONUT_COUPON,SEASHELLS,698.0,12
8379,Vinnie,Vinnie,COCONUT,SEASHELLS,10108.0,6
8385,Valentina,Ruby,COCONUT_COUPON,SEASHELLS,700.0,16
8387,Rhianna,Vinnie,COCONUT,SEASHELLS,10117.0,3
8398,Valentina,Vinnie,COCONUT_COUPON,SEASHELLS,698.0,17
8413,Vinnie,Vinnie,COCONUT,SEASHELLS,10115.0,5
8414,Valentina,Ruby,COCONUT_COUPON,SEASHELLS,695.0,15
8421,Valentina,Vinnie,COCONUT_COUPON,SEASHELLS,692.0,16
8441,Valentina,Vinnie,COCONUT_COUPON,SEASHELLS,694.0,14
8442,Vinnie,Rhianna,COCONUT,SEASHELLS,10106.0,2
8446,Valentina,Vinnie,COCONUT_COUPON,SEASHELLS,700.0,19
8447,Valentina,Valentina,COCONUT_COUPON,SEASHELLS,699.0,9
8447,Raj,Vinnie,COCONUT,SEASHELLS,10112.0,8
8450,Valentina,Vinnie,COCONUT_COUPON,SEASHELLS,701.0,12
8455,Valentina,Vinnie,COCONUT_COUPON,SEASHELLS,704.0,11
8460,Vinnie,Raj,COCONUT,SEASHELLS,10113.0,9
8469,Valentina,Valentina,COCONUT_COUPON,SEASHELLS,706.0,7
8489,Ruby,Valentina,COCONUT_COUPON,SEASHELLS,702.0,20
8495,Valentina,Vinnie,COCONUT_COUPON,SEASHELLS,698.0,16
8496,Valentina,Valentina,COCONUT_COUPON,SEASHELLS,700.0,6
8500,Vinnie,Vinnie,COCONUT,SEASHELLS,10116.0,7
8542,Valentina,Vinnie,COCONUT_COUPON,SEASHELLS,693.0,13
8546,Valentina,Vinnie,COCONUT_COUPON,SEASHELLS,695.0,20
8555,Vinnie,Vinnie,COCONUT,SEASHELLS,10105.0,6
8568,Valentina,Rhianna,COCONUT_COUPON,SEASHELLS,691.0,13
8570,Vinnie,Raj,COCONUT,SEASHELLS,10106.0,7
8576,Raj,Vinnie,COCONUT,SEASHELLS,10110.0,7
8579,Valentina,Vinnie,COCONUT_COUPON,SEASHELLS,689.0,10
8586,Ruby,Valentina,COCONUT_COUPON,SEASHELLS,692.0,16
8586,Ruby,Vladimir,COCONUT_COUPON,SEASHELLS,692.0,1
8587,Valentina,Vinnie,COCONUT_COUPON,SEASHELLS,691.0,15
8587,Vladimir,Vinnie,COCONUT_COUPON,SEASHELLS,691.0,2
8588,Valentina,Vinnie,COCONUT_COUPON,SEASHELLS,691.0,10
8590,Valentina,Vinnie,COCONUT_COUPON,SEASHELLS,692.0,11
8601,Vinnie,Rhianna,COCONUT,SEASHELLS,10104.0,3
8601,Valentina,Vinnie,COCONUT_COUPON,SEASHELLS,688.0,17
8604,Valentina,Vinnie,COCONUT_COUPON,SEASHELLS,689.0,14
8617,Vinnie,Rhianna,COCONUT,SEASHELLS,10096.0,3
8619,Vinnie,Raj,COCONUT,SEASHELLS,10098.0,10
8630,Vinnie,Vinnie,COCONUT,SEASHELLS,10096.0,6
8636,Vinnie,Vinnie,COCONUT,SEASHELLS,10097.0,5
8637,Valentina,Vinnie,COCONUT_COUPON,SEASHELLS,685.0,19
8644,Valentina,Vinnie,COCONUT_COUPON,SEASHELLS,686.0,15
8657,Vladimir,Vinnie,COCONUT_COUPON,SEASHELLS,691.0,3
8657,Valentina,Vinnie,COCONUT_COUPON,SEASHELLS,691.0,15
8660,Valentina,Ruby,COCONUT_COUPON,SEASHELLS,691.0,11
8664,Vinnie,Vinnie,COCONUT,SEASHELLS,10103.0,9
8665,Vinnie,Vinnie,COCONUT,SEASHELLS,10103.0,6
8672,Valentina,Ruby,COCONUT_COUPON,SEASHELLS,692.0,14
8692,Valentina,Ruby,COCONUT_COUPON,SEASHELLS,695.0,13
8709,Valentina,Rhianna,COCONUT_COUPON,SEASHELLS,699.0,14
8709,Valentina,Ruby,COCONUT_COUPON,SEASHELLS,699.0,13
8709,Raj,Vinnie,COCONUT,SEASHELLS,10113.0,5
8715,Vinnie,Vinnie,COCONUT,SEASHELLS,10111.0,5
8717,Vladimir,Valentina,COCONUT_COUPON,SEASHELLS,696.0,4
8717,Valentina,Vinnie,COCONUT_COUPON,SEASHELLS,696.0,11
8717,Valentina,Valentina,COCONUT_COUPON,SEASHELLS,696.0,5
8731,Vinnie,Vinnie,COCONUT,SEASHELLS,10113.0,8
8737,Valentina,Vinnie,COCONUT_COUPON,SEASHELLS,697.0,17
8738,Ruby,Valentina,COCONUT_COUPON,SEASHELLS,696.0,10
8744,Valentina,Rhianna,COCONUT_COUPON,SEASHELLS,693.0,9
8745,Vinnie,Vinnie,COCONUT,SEASHELLS,10110.0,8
8747,Vinnie,Rhianna,COCONUT,SEASHELLS,10110.0,3
8757,Vinnie,Vinnie,COCONUT,SEASHELLS,10114.0,10
8765,Valentina,Valentina,COCONUT_COUPON,SEASHELLS,694.0,4
8766,Valentina,Ruby,COCONUT_COUPON,SEASHELLS,695.0,10
8778,Vinnie,Raj,COCONUT,SEASHELLS,10110.0,8
8787,Valentina,Rhianna,COCONUT_COUPON,SEASHELLS,688.0,5
8792,Vinnie,Vinnie,COCONUT,SEASHELLS,10115.0,10
8804,Vinnie,Vinnie,COCONUT,SEASHELLS,10114.0,10
8814,Vinnie,Vinnie,COCONUT,SEASHELLS,10113.0,5
8816,Vinnie,Vinnie,COCONUT,SEASHELLS,10114.0,10
8818,Vinnie,Vinnie,COCONUT,SEASHELLS,10114.0,7
8823,Valentina,Valentina,COCONUT_COUPON,SEASHELLS,684.0,4
8825,Ruby,Valentina,COCONUT_COUPON,SEASHELLS,684.0,19
8831,Valentina,Valentina,COCONUT_COUPON,SEASHELLS,687.0,10
8837,Valentina,Valentina,COCONUT_COUPON,SEASHELLS,689.0,4
8851,Vinnie,Vinnie,COCONUT,SEASHELLS,10112.0,6
8857,Valentina,Vinnie,COCONUT_COUPON,SEASHELLS,689.0,17
8857,Vinnie,Vinnie,COCONUT,SEASHELLS,10112.0,7
8858,Vinnie,Vinnie,COCONUT,SEASHELLS,10113.0,5
8862,Vinnie,Vinnie,COCONUT,SEASHELLS,10109.0,5
8870,Valentina,Ruby,COCONUT_COUPON,SEASHELLS,683.0,12
8873,Vinnie,Raj,COCONUT,SEASHELLS,10115.0,6
8884,Rhianna,Vinnie,COCONUT,SEASHELLS,10113.0,1
8890,Valentina,Ruby,COCONUT_COUPON,SEASHELLS,681.0,6
8890,Vladimir,Ruby,COCONUT_COUPON,SEASHELLS,681.0,8
8890,Valentina,Vinnie,COCONUT_COUPON,SEASHELLS,681.0,14
8891,Valentina,Vinnie,COCONUT_COUPON,SEASHELLS,682.0,18
8905,Vinnie,Vinnie,COCONUT,SEASHELLS,10111.0,8
8905,Valentina,Vinnie,COCONUT_COUPON,SEASHELLS,679.0,18
8905,Vinnie,Raj,COCONUT,SEASHELLS,10111.0,7
8906,Vinnie,Raj,COCONUT,SEASHELLS,10112.0,5
8911,Vinnie,Rhianna,COCONUT,SEASHELLS,10113.0,3
8925,Valentina,Valentina,COCONUT_COUPON,SEASHELLS,695.0,7
8927,Vinnie,Vinnie,COCONUT,SEASHELLS,10120.0,6
8934,Vinnie,Raj,COCONUT,SEASHELLS,10117.0,10
8936,Ruby,Valentina,COCONUT_COUPON,SEASHELLS,695.0,19
8941,Ruby,Valentina,COCONUT_COUPON,SEASHELLS,692.0,12
8946,Valentina,Valentina,COCONUT_COUPON,SEASHELLS,692.0,9
8951,Valentina,Ruby,COCONUT_COUPON,SEASHELLS,691.0,19
8954,Vinnie,Vinnie,COCONUT,SEASHELLS,10111.0,9
8958,Valentina,Vinnie,COCONUT_COUPON,SEASHELLS,692.0,16
8965,Vinnie,Vinnie,COCONUT,SEASHELLS,10117.0,8
8970,Vinnie,Vinnie,COCONUT,SEASHELLS,10115.0,6
8970,Valentina,Vinnie,COCONUT_COUPON,SEASHELLS,695.0,11
8973,Valentina,Ruby,COCONUT_COUPON,SEASHELLS,694.0,15
8975,Valentina,Valentina,COCONUT_COUPON,SEASHELLS,693.0,6
8986,Valentina,Vinnie,COCONUT_COUPON,SEASHELLS,690.0,15
8989,Vinnie,Rhianna,COCONUT,SEASHELLS,10107.0,1
9004,Valentina,Vinnie,COCONUT_COUPON,SEASHELLS,691.0,18
9010,Valentina,Ruby,COCONUT_COUPON,SEASHELLS,690.0,15
9011,Vinnie,Vinnie,COCONUT,SEASHELLS,10101.0,10
9015,Rhianna,Vinnie,COCONUT,SEASHELLS,10105.0,3
9029,Valentina,Vinnie,COCONUT_COUPON,SEASHELLS,689.0,17
9029,Vinnie,Vinnie,COCONUT,SEASHELLS,10105.0,10
9034,Valentina,Ruby,COCONUT_COUPON,SEASHELLS,686.0,10
9044,Vinnie,Vinnie,COCONUT,SEASHELLS,10107.0,9
9045,Valentina,Vinnie,COCONUT_COUPON,SEASHELLS,685.0,14
9046,Valentina,Ruby,COCONUT_COUPON,SEASHELLS,683.0,19
9048,Valentina,Ruby,COCONUT_COUPON,SEASHELLS,684.0,7
9048,Vladimir,Ruby,COCONUT_COUPON,SEASHELLS,684.0,3
9048,Valentina,Vinnie,COCONUT_COUPON,SEASHELLS,684.0,12
9049,Vinnie,Vinnie,COCONUT,SEASHELLS,10104.0,9
9050,Vinnie,Vinnie,COCONUT,SEASHELLS,10105.0,10
9052,Raj,Vinnie,COCONUT,SEASHELLS,10108.0,7
9053,Valentina,Vinnie,COCONUT_COUPON,SEASHELLS,685.0,18
9053,Valentina,Rhianna,COCONUT_COUPON,SEASHELLS,685.0,5
9068,Valentina,Vinnie,COCONUT_COUPON,SEASHELLS,678.0,15
9078,Raj,Vinnie,COCONUT,SEASHELLS,10098.0,9
9079,Valentina,Rhianna,COCONUT_COUPON,SEASHELLS,677.0,11
9093,Valentina,Vinnie,COCONUT_COUPON,SEASHELLS,679.0,18
9100,Valentina,Vinnie,COCONUT_COUPON,SEASHELLS,684.0,19
9122,Vinnie,Vinnie,COCONUT,SEASHELLS,10109.0,9
9134,Vinnie,Raj,COCONUT,SEASHELLS,10110.0,9
9134,Valentina,Vinnie,COCONUT_COUPON,SEASHELLS,680.0,16
9142,Vinnie,Vinnie,COCONUT,SEASHELLS,10108.0,7
9146,Vinnie,Vinnie,COCONUT,SEASHELLS,10106.0,10
9152,Valentina,Vinnie,COCONUT_COUPON,SEASHELLS,681.0,11
9165,Vinnie,Rhianna,COCONUT,SEASHELLS,10108.0,1
9172,Valentina,Rhianna,COCONUT_COUPON,SEASHELLS,680.0,14
9183,Valentina,Vinnie,COCONUT_COUPON,SEASHELLS,681.0,13
9189,Valentina,Vinnie,COCONUT_COUPON,SEASHELLS,684.0,13
9200,Vinnie,Vinnie,COCONUT,SEASHELLS,10109.0,5
9202,Valentina,Vinnie,COCONUT_COUPON,SEASHELLS,681.0,14
9211,Valentina,Vinnie,COCONUT_COUPON,SEASHELLS,675.0,16
9213,Vinnie,Rhianna,COCONUT_COUPON,SEASHELLS,675.0,13
9213,Valentina,Rhianna,COCONUT_COUPON,SEASHELLS,674.0,1
9215,Ruby,Valentina,COCONUT_COUPON,SEASHELLS,675.0,15
9216,Valentina,Vinnie,COCONUT_COUPON,SEASHELLS,673.0,10
9221,Valentina,Rhianna,COCONUT_COUPON,SEASHELLS,673.0,8
9227,Vinnie,Rhianna,COCONUT,SEASHELLS,10104.0,3
9239,Valentina,Ruby,COCONUT_COUPON,SEASHELLS,675.0,0
9239,Vladimir,Ruby,COCONUT_COUPON,SEASHELLS,675.0,10
9239,Vladimir,Vinnie,COCONUT_COUPON,SEASHELLS,675.0,1
9239,Valentina,Vinnie,COCONUT_COUPON,SEASHELLS,675.0,17
9243,Valentina,Rhianna,COCONUT_COUPON,SEASHELLS,674.0,11
9263,Valentina,Vinnie,COCONUT_COUPON,SEASHELLS,672.0,14
9282,Ruby,Valentina,COCONUT_COUPON,SEASHELLS,669.0,12
9317,Vinnie,Raj,COCONUT,SEASHELLS,10105.0,6
9323,Vinnie,Vinnie,COCONUT,SEASHELLS,10105.0,6
9332,Valentina,Vinnie,COCONUT_COUPON,SEASHELLS,684.0,18
9341,Rhianna,Vinnie,COCONUT,SEASHELLS,10107.0,2
9345,Ruby,Valentina,COCONUT_COUPON,SEASHELLS,687.0,18
9364,Vladimir,Rhianna,COCONUT_COUPON,SEASHELLS,682.0,8
9364,Vladimir,Vinnie,COCONUT_COUPON,SEASHELLS,682.0,4
9364,Valentina,Rhianna,COCONUT_COUPON,SEASHELLS,682.0,0
9364,Valentina,Vinnie,COCONUT_COUPON,SEASHELLS,682.0,16
9371,Valentina,Rhianna,COCONUT_COUPON,SEASHELLS,687.0,11
9373,Valentina,Vinnie,COCONUT_COUPON,SEASHELLS,686.0,16
9376,Valentina,Vinnie,COCONUT_COUPON,SEASHELLS,686.0,13
9387,Valentina,Vinnie,COCONUT_COUPON,SEASHELLS,691.0,10
9397,Vinnie,Vinnie,COCONUT,SEASHELLS,10111.0,6
9397,Raj,Vinnie,COCONUT,SEASHELLS,10112.0,5
9405,Valentina,Vinnie,COCONUT_COUPON,SEASHELLS,693.0,10
9409,Valentina,Rhianna,COCONUT_COUPON,SEASHELLS,695.0,7
9426,Vinnie,Vinnie,COCONUT,SEASHELLS,10107.0,5
9427,Valentina,Rhianna,COCONUT_COUPON,SEASHELLS,689.0,7
9431,Valentina,Ruby,COCONUT_COUPON,SEASHELLS,690.0,13
9431,Vinnie,Vinnie,COCONUT,SEASHELLS,10109.0,6
9438,Rhianna,Vinnie,COCONUT,SEASHELLS,10112.0,1
9441,Vinnie,Vinnie,COCONUT,SEASHELLS,10107.0,6
9443,Vinnie,Vinnie,COCONUT,SEASHELLS,10107.0,6
9453,Vladimir,Ruby,COCONUT_COUPON,SEASHELLS,687.0,2
9453,Valentina,Ruby,COCONUT_COUPON,SEASHELLS,687.0,17
9454,Valentina,Ruby,COCONUT_COUPON,SEASHELLS,689.0,13
9462,Valentina,Vinnie,COCONUT_COUPON,SEASHELLS,686.0,13
9462,Ruby,Valentina,COCONUT_COUPON,SEASHELLS,687.0,15
9473,Valentina,Vinnie,COCONUT_COUPON,SEASHELLS,684.0,20
9478,Valentina,Vinnie,COCONUT_COUPON,SEASHELLS,681.0,12
9482,Vinnie,Vinnie,COCONUT,SEASHELLS,10104.0,10
9483,Ruby,Valentina,COCONUT_COUPON,SEASHELLS,683.0,12
9488,Valentina,Valentina,COCONUT_COUPON,SEASHELLS,684.0,7
9490,Valentina,Vinnie,COCONUT_COUPON,SEASHELLS,684.0,16
9497,Valentina,Vinnie,COCONUT_COUPON,SEASHELLS,688.0,16
9497,Valentina,Valentina,COCONUT_COUPON,SEASHELLS,688.0,6
9499,Vladimir,Valentina,COCONUT_COUPON,SEASHELLS,687.0,7
9499,Vinnie,Vinnie,COCONUT,SEASHELLS,10112.0,9
9503,Valentina,Vinnie,COCONUT_COUPON,SEASHELLS,685.0,14
9504,Vinnie,Raj,COCONUT,SEASHELLS,10108.0,8
9506,Raj,Vinnie,COCONUT,SEASHELLS,10110.0,6
9507,Valentina,Rhianna,COCONUT_COUPON,SEASHELLS,680.0,13
9508,Vinnie,Raj,COCONUT,SEASHELLS,10107.0,6
9513,Vinnie,Raj,COCONUT,SEASHELLS,10104.0,8
9537,Vinnie,Vinnie,COCONUT,SEASHELLS,10112.0,5
9551,Valentina,Vinnie,COCONUT_COUPON,SEASHELLS,683.0,14
9554,Valentina,Rhianna,COCONUT_COUPON,SEASHELLS,682.0,10
9554,Vinnie,Raj,COCONUT,SEASHELLS,10108.0,6
9561,Valentina,Vinnie,COCONUT_COUPON,SEASHELLS,677.0,17
9563,Rhianna,Vinnie,COCONUT,SEASHELLS,10111.0,1
9571,Valentina,Vinnie,COCONUT_COUPON,SEASHELLS,678.0,16
9576,Valentina,Vinnie,COCONUT_COUPON,SEASHELLS,676.0,10
9579,Valentina,Ruby,COCONUT_COUPON,SEASHELLS,676.0,13
9580,Valentina,Vinnie,COCONUT_COUPON,SEASHELLS,678.0,16
9586,Vinnie,Vinnie,COCONUT,SEASHELLS,10113.0,8
9586,Valentina,Rhianna,COCONUT_COUPON,SEASHELLS,678.0,11
9588,Valentina,Vinnie,COCONUT_COUPON,SEASHELLS,681.0,20
9590,Vinnie,Vinnie,COCONUT,SEASHELLS,10113.0,7
9593,Valentina,Vinnie,COCONUT_COUPON,SEASHELLS,677.0,15
9594,Raj,Vinnie,COCONUT,SEASHELLS,10114.0,5
9596,Valentina,Vinnie,COCONUT_COUPON,SEASHELLS,679.0,14
9603,Valentina,Ruby,COCONUT_COUPON,SEASHELLS,681.0,12
9611,Vladimir,Valentina,COCONUT_COUPON,SEASHELLS,689.0,4
9626,Valentina,Valentina,COCONUT_COUPON,SEASHELLS,693.0,6
9630,Valentina,Vinnie,COCONUT_COUPON,SEASHELLS,690.0,11
9638,Valentina,Valentina,COCONUT_COUPON,SEASHELLS,691.0,7
9640,Valentina,Vinnie,COCONUT_COUPON,SEASHELLS,690.0,16
9668,Vinnie,Vinnie,COCONUT,SEASHELLS,10118.0,7
9683,Valentina,Vinnie,COCONUT_COUPON,SEASHELLS,683.0,16
9689,Valentina,Vinnie,COCONUT_COUPON,SEASHELLS,680.0,10
9703,Valentina,Ruby,COCONUT_COUPON,SEASHELLS,681.0,11
9708,Valentina,Valentina,COCONUT_COUPON,SEASHELLS,682.0,6
9715,Valentina,Vinnie,COCONUT_COUPON,SEASHELLS,682.0,13
9718,Valentina,Vinnie,COCONUT_COUPON,SEASHELLS,679.0,17
9719,Valentina,Rhianna,COCONUT_COUPON,SEASHELLS,680.0,13
9738,Ruby,Valentina,COCONUT_COUPON,SEASHELLS,687.0,13
9749,Valentina,Vinnie,COCONUT_COUPON,SEASHELLS,681.0,13
9749,Vinnie,Vinnie,COCONUT,SEASHELLS,10132.0,8
9752,Valentina,Valentina,COCONUT_COUPON,SEASHELLS,679.0,8
9753,Valentina,Vinnie,COCONUT_COUPON,SEASHELLS,678.0,10
9774,Valentina,Vinnie,COCONUT_COUPON,SEASHELLS,673.0,16
9781,Valentina,Vinnie,COCONUT_COUPON,SEASHELLS,671.0,10
9786,Vinnie,Raj,COCONUT,SEASHELLS,10129.0,10
9788,Vinnie,Vinnie,COCONUT,SEASHELLS,10128.0,6
9791,Vinnie,Vinnie,COCONUT,SEASHELLS,10127.0,10
9796,Vinnie,Raj,COCONUT,SEASHELLS,10132.0,5
9799,Vinnie,Raj,COCONUT,SEASHELLS,10134.0,10
9801,Valentina,Rhianna,COCONUT_COUPON,SEASHELLS,680.0,5
9817,Ruby,Valentina,COCONUT_COUPON,SEASHELLS,679.0,16
9823,Vinnie,Vinnie,COCONUT,SEASHELLS,10134.0,5
9826,Vinnie,Vinnie,COCONUT,SEASHELLS,10137.0,5
9836,Valentina,Vinnie,COCONUT_COUPON,SEASHELLS,684.0,12
9838,Vinnie,Vinnie,COCONUT,SEASHELLS,10133.0,6
9845,Vladimir,Ruby,COCONUT_COUPON,SEASHELLS,685.0,10
9846,Valentina,Vinnie,COCONUT_COUPON,SEASHELLS,686.0,11
9867,Raj,Vinnie,COCONUT,SEASHELLS,10126.0,9
9872,Vinnie,Vinnie,COCONUT,SEASHELLS,10125.0,5
9873,Valentina,Vinnie,COCONUT_COUPON,SEASHELLS,677.0,13
9880,Valentina,Ruby,COCONUT_COUPON,SEASHELLS,679.0,14
9885,Ruby,Valentina,COCONUT_COUPON,SEASHELLS,676.0,13
9887,Valentina,Rhianna,COCONUT_COUPON,SEASHELLS,672.0,12
9891,Vinnie,Rhianna,COCONUT,SEASHELLS,10123.0,3
9922,Valentina,Valentina,COCONUT_COUPON,SEASHELLS,673.0,9
9923,Vinnie,Vinnie,COCONUT,SEASHELLS,10126.0,5
9924,Valentina,Ruby,COCONUT_COUPON,SEASHELLS,672.0,8
9924,Valentina,Vinnie,COCONUT_COUPON,SEASHELLS,672.0,14
9924,Valentina,Valentina,COCONUT_COUPON,SEASHELLS,672.0,4
9924,Vladimir,Ruby,COCONUT_COUPON,SEASHELLS,672.0,7
9929,Vinnie,Vinnie,COCONUT,SEASHELLS,10120.0,6
9942,Valentina,Rhianna,COCONUT_COUPON,SEASHELLS,669.0,8
9961,Valentina,Vinnie,COCONUT_COUPON,SEASHELLS,670.0,19
9966,Vinnie,Vinnie,COCONUT,SEASHELLS,10127.0,9
9966,Raj,Vinnie,COCONUT,SEASHELLS,10128.0,9
9967,Valentina,Vinnie,COCONUT_COUPON,SEASHELLS,670.0,19
9971,Vinnie,Vinnie,COCONUT,SEASHELLS,10126.0,6
9973,Valentina,Vinnie,COCONUT_COUPON,SEASHELLS,672.0,19
9975,Valentina,Vinnie,COCONUT_COUPON,SEASHELLS,675.0,16
9977,Valentina,Rhianna,COCONUT_COUPON,SEASHELLS,675.0,5
9978,Valentina,Rhianna,COCONUT_COUPON,SEASHELLS,675.0,12
9982,Valentina,Vinnie,COCONUT_COUPON,SEASHELLS,677.0,10
9992,Valentina,Rhianna,COCONUT_COUPON,SEASHELLS,677.0,7
9995,Vinnie,Vinnie,COCONUT,SEASHELLS,10135.0,8
9996,Ruby,Valentina,COCONUT_COUPON,SEASHELLS,683.0,14
10035,Valentina,Vinnie,COCONUT_COUPON,SEASHELLS,677.0,20
10039,Vinnie,Raj,COCONUT,SEASHELLS,10120.0,10
10042,Valentina,Rhianna,COCONUT_COUPON,SEASHELLS,675.0,7
10048,Ruby,Valentina,COCONUT_COUPON,SEASHELLS,679.0,15
10054,Vinnie,Vinnie,COCONUT,SEASHELLS,10120.0,7
10070,Ruby,Valentina,COCONUT_COUPON,SEASHELLS,682.0,15
10076,Valentina,Vinnie,COCONUT_COUPON,SEASHELLS,681.0,13
10078,Valentina,Valentina,COCONUT_COUPON,SEASHELLS,678.0,5
10092,Rhianna,Vinnie,COCONUT,SEASHELLS,10113.0,1
10093,Raj,Vinnie,COCONUT,SEASHELLS,10112.0,10
10094,Valentina,Rhianna,COCONUT_COUPON,SEASHELLS,678.0,14
10098,Vinnie,Raj,COCONUT,SEASHELLS,10108.0,8
10104,Vinnie,Raj,COCONUT,SEASHELLS,10106.0,10
10106,Raj,Vinnie,COCONUT,SEASHELLS,10105.0,10
10112,Vinnie,Vinnie,COCONUT,SEASHELLS,10101.0,8
10117,Vinnie,Vinnie,COCONUT,SEASHELLS,10103.0,7
10125,Valentina,Vinnie,COCONUT_COUPON,SEASHELLS,681.0,18
10134,Raj,Vinnie,COCONUT,SEASHELLS,10100.0,10
10150,Valentina,Vinnie,COCONUT_COUPON,SEASHELLS,684.0,19
10150,Vinnie,Vinnie,COCONUT,SEASHELLS,10104.0,6
10152,Valentina,Valentina,COCONUT_COUPON,SEASHELLS,685.0,9
10173,Valentina,Rhianna,COCONUT_COUPON,SEASHELLS,680.0,9
10179,Valentina,Rhianna,COCONUT_COUPON,SEASHELLS,677.0,14
10194,Valentina,Vinnie,COCONUT_COUPON,SEASHELLS,686.0,17
10203,Vinnie,Rhianna,COCONUT,SEASHELLS,10109.0,2
10204,Valentina,Valentina,COCONUT_COUPON,SEASHELLS,689.0,4
10210,Valentina,Vinnie,COCONUT_COUPON,SEASHELLS,688.0,12
10213,Valentina,Vinnie,COCONUT_COUPON,SEASHELLS,687.0,14
10214,Vladimir,Ruby,COCONUT_COUPON,SEASHELLS,687.0,17
10228,Valentina,Vinnie,COCONUT_COUPON,SEASHELLS,687.0,18
10236,Vinnie,Vinnie,COCONUT,SEASHELLS,10110.0,6
10241,Valentina,Vinnie,COCONUT_COUPON,SEASHELLS,684.0,15
10264,Valentina,Vinnie,COCONUT_COUPON,SEASHELLS,688.0,10
10271,Valentina,Vinnie,COCONUT_COUPON,SEASHELLS,694.0,11
10278,Valentina,Vinnie,COCONUT_COUPON,SEASHELLS,698.0,15
10280,Vinnie,Vinnie,COCONUT,SEASHELLS,10120.0,7
10293,Vinnie,Vinnie,COCONUT,SEASHELLS,10120.0,5
10295,Valentina,Vinnie,COCONUT_COUPON,SEASHELLS,705.0,18
10299,Vinnie,Vinnie,COCONUT,SEASHELLS,10116.0,8
10302,Vinnie,Vinnie,COCONUT,SEASHELLS,10116.0,8
10307,Ruby,Valentina,COCONUT_COUPON,SEASHELLS,705.0,16
10312,Valentina,Ruby,COCONUT_COUPON,SEASHELLS,700.0,15
10318,Valentina,Vinnie,COCONUT_COUPON,SEASHELLS,697.0,17
10326,Ruby,Valentina,COCONUT_COUPON,SEASHELLS,696.0,17
10328,Vinnie,Vinnie,COCONUT,SEASHELLS,10107.0,8
10348,Valentina,Vinnie,COCONUT_COUPON,SEASHELLS,682.0,19
10356,Valentina,Vinnie,COCONUT_COUPON,SEASHELLS,689.0,16
10356,Vladimir,Vinnie,COCONUT_COUPON,SEASHELLS,689.0,1
10360,Raj,Vinnie,COCONUT,SEASHELLS,10109.0,9
10368,Valentina,Rhianna,COCONUT_COUPON,SEASHELLS,685.0,15
10381,Valentina,Valentina,COCONUT_COUPON,SEASHELLS,685.0,6
10381,Valentina,Vinnie,COCONUT_COUPON,SEASHELLS,685.0,13
10397,Vinnie,Rhianna,COCONUT,SEASHELLS,10110.0,2
10403,Valentina,Ruby,COCONUT_COUPON,SEASHELLS,684.0,15
10412,Valentina,Vinnie,COCONUT_COUPON,SEASHELLS,680.0,11
10416,Vinnie,Raj,COCONUT,SEASHELLS,10103.0,7
10422,Raj,Vinnie,COCONUT,SEASHELLS,10111.0,8
10425,Valentina,Valentina,COCONUT_COUPON,SEASHELLS,676.0,4
10434,Vinnie,Vinnie,COCONUT,SEASHELLS,10111.0,8
10435,Vinnie,Vinnie,COCONUT,SEASHELLS,10111.0,7
10436,Valentina,Vinnie,COCONUT_COUPON,SEASHELLS,668.0,12
10448,Rhianna,Vinnie,COCONUT,SEASHELLS,10114.0,3
10453,Valentina,Rhianna,COCONUT_COUPON,SEASHELLS,674.0,12
10457,Valentina,Vinnie,COCONUT_COUPON,SEASHELLS,676.0,14
10461,Valentina,Rhianna,COCONUT_COUPON,SEASHELLS,673.0,10
10475,Raj,Vinnie,COCONUT,SEASHELLS,10109.0,10
10476,Valentina,Vinnie,COCONUT_COUPON,SEASHELLS,680.0,16
10483,Vinnie,Vinnie,COCONUT,SEASHELLS,10105.0,8
10483,Valentina,Rhianna,COCONUT_COUPON,SEASHELLS,677.0,14
10485,Rhianna,Vinnie,COCONUT,SEASHELLS,10109.0,1
10488,Valentina,Valentina,COCONUT_COUPON,SEASHELLS,679.0,6
10488,Vinnie,Vinnie,COCONUT,SEASHELLS,10107.0,7
10491,Ruby,Valentina,COCONUT_COUPON,SEASHELLS,678.0,11
10493,Vinnie,Vinnie,COCONUT,SEASHELLS,10108.0,5
10496,Vinnie,Vinnie,COCONUT,SEASHELLS,10108.0,7
10500,Vinnie,Rhianna,COCONUT,SEASHELLS,10108.0,3
10501,Valentina,Vinnie,COCONUT_COUPON,SEASHELLS,679.0,18
10503,Vinnie,Raj,COCONUT,SEASHELLS,10108.0,7
10507,Valentina,Vinnie,COCONUT_COUPON,SEASHELLS,679.0,16
10508,Vinnie,Vinnie,COCONUT,SEASHELLS,10110.0,8
10522,Valentina,Valentina,COCONUT_COUPON,SEASHELLS,679.0,6
10527,Valentina,Rhianna,COCONUT_COUPON,SEASHELLS,680.0,15
10534,Valentina,Rhianna,COCONUT_COUPON,SEASHELLS,683.0,11
10544,Raj,Vinnie,COCONUT,SEASHELLS,10111.0,5
10558,Vinnie,Vinnie,COCONUT,SEASHELLS,10110.0,8
10562,Valentina,Valentina,COCONUT_COUPON,SEASHELLS,681.0,8
10565,Valentina,Vinnie,COCONUT_COUPON,SEASHELLS,684.0,19
10566,Valentina,Vinnie,COCONUT_COUPON,SEASHELLS,685.0,16
10570,Valentina,Vinnie,COCONUT_COUPON,SEASHELLS,686.0,20
10571,Valentina,Ruby,COCONUT_COUPON,SEASHELLS,684.0,16
10587,Valentina,Vinnie,COCONUT_COUPON,SEASHELLS,685.0,10
10592,Vinnie,Vinnie,COCONUT,SEASHELLS,10111.0,5
10595,Vinnie,Vinnie,COCONUT,SEASHELLS,10109.0,6
10610,Raj,Vinnie,COCONUT,SEASHELLS,10107.0,6
10636,Valentina,Ruby,COCONUT_COUPON,SEASHELLS,686.0,16
10639,Vinnie,Vinnie,COCONUT,SEASHELLS,10108.0,8
10647,Vinnie,Vinnie,COCONUT,SEASHELLS,10110.0,6
10652,Valentina,Vinnie,COCONUT_COUPON,SEASHELLS,686.0,17
10657,Vinnie,Vinnie,COCONUT,SEASHELLS,10113.0,10
10663,Valentina,Vinnie,COCONUT_COUPON,SEASHELLS,683.0,13
10672,Valentina,Vinnie,COCONUT_COUPON,SEASHELLS,682.0,12
10674,Vinnie,Vinnie,COCONUT,SEASHELLS,10116.0,10
10675,Vinnie,Vinnie,COCONUT,SEASHELLS,10117.0,9
10676,Vinnie,Vinnie,COCONUT,SEASHELLS,10115.0,7
10693,Valentina,Rhianna,COCONUT_COUPON,SEASHELLS,692.0,15
10696,Valentina,Vinnie,COCONUT_COUPON,SEASHELLS,691.0,20
10717,Valentina,Vinnie,COCONUT_COUPON,SEASHELLS,696.0,18
10724,Vinnie,Vinnie,COCONUT,SEASHELLS,10115.0,5
10730,Valentina,Vinnie,COCONUT_COUPON,SEASHELLS,700.0,12
10744,Vinnie,Raj,COCONUT,SEASHELLS,10114.0,10
10749,Valentina,Vinnie,COCONUT_COUPON,SEASHELLS,691.0,14
10755,Vinnie,Vinnie,COCONUT,SEASHELLS,10115.0,5
10760,Vladimir,Vinnie,COCONUT_COUPON,SEASHELLS,691.0,1
10760,Valentina,Vinnie,COCONUT_COUPON,SEASHELLS,691.0,16
10785,Valentina,Vinnie,COCONUT_COUPON,SEASHELLS,704.0,14
10794,Raj,Vinnie,COCONUT,SEASHELLS,10122.0,7
10798,Vinnie,Rhianna,COCONUT,SEASHELLS,10120.0,1
10800,Valentina,Rhianna,COCONUT_COUPON,SEASHELLS,703.0,15
10802,Valentina,Vinnie,COCONUT_COUPON,SEASHELLS,703.0,12
10812,Valentina,Valentina,COCONUT_COUPON,SEASHELLS,706.0,7
10817,Ruby,Valentina,COCONUT_COUPON,SEASHELLS,709.0,15
10817,Ruby,Vladimir,COCONUT_COUPON,SEASHELLS,709.0,3
10823,Vinnie,Rhianna,COCONUT,SEASHELLS,10123.0,3
10826,Vinnie,Vinnie,COCONUT,SEASHELLS,10123.0,6
10838,Valentina,Vinnie,COCONUT_COUPON,SEASHELLS,704.0,11
10851,Valentina,Rhianna,COCONUT_COUPON,SEASHELLS,705.0,5
10854,Valentina,Rhianna,COCONUT_COUPON,SEASHELLS,707.0,9
10859,Vinnie,Vinnie,COCONUT,SEASHELLS,10129.0,9
10863,Vinnie,Vinnie,COCONUT,SEASHELLS,10129.0,10
10870,Vinnie,Vinnie,COCONUT,SEASHELLS,10131.0,9
10887,Valentina,Vinnie,COCONUT_COUPON,SEASHELLS,720.0,12
10895,Valentina,Valentina,COCONUT_COUPON,SEASHELLS,727.0,9
10896,Vinnie,Vinnie,COCONUT,SEASHELLS,10141.0,6
10899,Ruby,Valentina,COCONUT_COUPON,SEASHELLS,726.0,18
10904,Valentina,Rhianna,COCONUT_COUPON,SEASHELLS,729.0,10
10904,Vinnie,Raj,COCONUT,SEASHELLS,10140.0,6
10907,Ruby,Valentina,COCONUT_COUPON,SEASHELLS,731.0,15
10907,Ruby,Vladimir,COCONUT_COUPON,SEASHELLS,731.0,2
10908,Vinnie,Vinnie,COCONUT,SEASHELLS,10141.0,9
10917,Vinnie,Rhianna,COCONUT,SEASHELLS,10140.0,2
10920,Ruby,Valentina,COCONUT_COUPON,SEASHELLS,733.0,15
10924,Valentina,Vinnie,COCONUT_COUPON,SEASHELLS,735.0,11
10926,Vinnie,Vinnie,COCONUT,SEASHELLS,10135.0,9
10929,Vinnie,Vinnie,COCONUT,SEASHELLS,10135.0,7
10929,Vinnie,Rhianna,COCONUT,SEASHELLS,10135.0,3
10937,Valentina,Valentina,COCONUT_COUPON,SEASHELLS,732.0,8
10940,Valentina,Vinnie,COCONUT_COUPON,SEASHELLS,730.0,17
10959,Valentina,Vinnie,COCONUT_COUPON,SEASHELLS,728.0,15
10980,Vinnie,Rhianna,COCONUT,SEASHELLS,10124.0,1
10982,Vinnie,Vinnie,COCONUT,SEASHELLS,10126.0,5
10992,Vinnie,Vinnie,COCONUT,SEASHELLS,10129.0,7
10999,Vinnie,Rhianna,COCONUT,SEASHELLS,10130.0,2
10999,Valentina,Valentina,COCONUT_COUPON,SEASHELLS,729.0,8
11012,Vinnie,Raj,COCONUT,SEASHELLS,10128.0,9
11013,Valentina,Vinnie,COCONUT_COUPON,SEASHELLS,734.0,17
11020,Valentina,Vinnie,COCONUT_COUPON,SEASHELLS,735.0,13
11021,Vinnie,Vinnie,COCONUT,SEASHELLS,10127.0,6
11021,Vinnie,Rhianna,COCONUT_COUPON,SEASHELLS,735.0,8
11026,Valentina,Vinnie,COCONUT_COUPON,SEASHELLS,736.0,20
11040,Valentina,Rhianna,COCONUT_COUPON,SEASHELLS,740.0,5
11042,Vladimir,Vinnie,COCONUT_COUPON,SEASHELLS,740.0,5
11042,Valentina,Vinnie,COCONUT_COUPON,SEASHELLS,740.0,15
11051,Valentina,Valentina,COCONUT_COUPON,SEASHELLS,736.0,4
11059,Valentina,Ruby,COCONUT_COUPON,SEASHELLS,737.0,16
11063,Vinnie,Vinnie,COCONUT,SEASHELLS,10121.0,9
11070,Valentina,Ruby,COCONUT_COUPON,SEASHELLS,734.0,17
11084,Valentina,Vinnie,COCONUT_COUPON,SEASHELLS,730.0,16
11104,Vinnie,Raj,COCONUT,SEASHELLS,10128.0,9
11105,Rhianna,Vinnie,COCONUT,SEASHELLS,10129.0,3
11110,Valentina,Ruby,COCONUT_COUPON,SEASHELLS,732.0,14
11115,Vinnie,Rhianna,COCONUT,SEASHELLS,10130.0,2
11120,Valentina,Vinnie,COCONUT_COUPON,SEASHELLS,730.0,18
11136,Valentina,Vinnie,COCONUT_COUPON,SEASHELLS,729.0,16
11139,Valentina,Rhianna,COCONUT_COUPON,SEASHELLS,730.0,7
11143,Valentina,Valentina,COCONUT_COUPON,SEASHELLS,730.0,4
11143,Rhianna,Vinnie,COCONUT,SEASHELLS,10133.0,2
11145,Valentina,Vinnie,COCONUT_COUPON,SEASHELLS,731.0,20
11146,Raj,Vinnie,COCONUT,SEASHELLS,10134.0,8
11157,Vinnie,Raj,COCONUT,SEASHELLS,10128.0,6
11164,Valentina,Vinnie,COCONUT_COUPON,SEASHELLS,720.0,20
11164,Rhianna,Vinnie,COCONUT,SEASHELLS,10128.0,2
11178,Vinnie,Vinnie,COCONUT,SEASHELLS,10126.0,5
11202,Vinnie,Vinnie,COCONUT,SEASHELLS,10134.0,7
11210,Ruby,Valentina,COCONUT_COUPON,SEASHELLS,720.0,20
11217,Valentina,Vinnie,COCONUT_COUPON,SEASHELLS,722.0,11
11230,Vinnie,Vinnie,COCONUT,SEASHELLS,10138.0,6
11235,Vinnie,Vinnie,COCONUT,SEASHELLS,10140.0,8
11272,Valentina,Vinnie,COCONUT_COUPON,SEASHELLS,722.0,19
11279,Vinnie,Vinnie,COCONUT,SEASHELLS,10130.0,7
11289,Valentina,Vinnie,COCONUT_COUPON,SEASHELLS,715.0,12
11291,Valentina,Rhianna,COCONUT_COUPON,SEASHELLS,717.0,15
11304,Valentina,Rhianna,COCONUT_COUPON,SEASHELLS,715.0,12
11304,Raj,Vinnie,COCONUT,SEASHELLS,10131.0,9
11305,Valentina,Rhianna,COCONUT_COUPON,SEASHELLS,715.0,13
11315,Valentina,Valentina,COCONUT_COUPON,SEASHELLS,715.0,10
11319,Vladimir,Vinnie,COCONUT_COUPON,SEASHELLS,719.0,2
11319,Valentina,Vinnie,COCONUT_COUPON,SEASHELLS,719.0,18
11320,Valentina,Rhianna,COCONUT_COUPON,SEASHELLS,720.0,5
11326,Vinnie,Vinnie,COCONUT,SEASHELLS,10134.0,5
11327,Raj,Vinnie,COCONUT,SEASHELLS,10136.0,10
11332,Valentina,Vinnie,COCONUT_COUPON,SEASHELLS,721.0,16
11337,Vinnie,Vinnie,COCONUT,SEASHELLS,10136.0,8
11341,Valentina,Valentina,COCONUT_COUPON,SEASHELLS,722.0,9
11342,Valentina,Vinnie,COCONUT_COUPON,SEASHELLS,720.0,15
11350,Valentina,Rhianna,COCONUT_COUPON,SEASHELLS,722.0,11
11354,Vinnie,Raj,COCONUT,SEASHELLS,10132.0,7
